2636 3980
196 194 354 246 LETTERS
378 197 422 246 ΟΡ
444 197 473 248 Ο.
489 197 635 246 PLINIUS
657 197 843 248 CAECILIUS
863 197 1054 248 SECUNDUS.
1094 198 1131 268 17

460 370 509 426 14.
552 364 680 445 (BOOK
706 387 730 427 1.
754 365 815 446 aa.)

167 521 191 570 A
201 519 332 586 delightsul
344 521 438 587 picture
450 521 480 571 of
488 522 529 572 the
540 521 632 573 virtues
643 524 673 574 of
680 523 711 574 T.
723 524 815 580 Aristo,
826 523 911 573 whose
922 521 1014 572 serious
1025 519 1108 570 illness

478 605 573 655 detaius
584 606 655 670 Pliny
666 605 691 655 in
703 607 791 658 Rome.

122 771 134 807 ,x
363 743 387 784 c.
410 743 522 784 numius
543 745 661 787 casuro
683 746 791 788 snvnuo
813 745 866 786 suo
886 745 908 785 s.

127 775 158 888 s
182 854 241 914 Diu
261 855 320 913 iam
337 857 368 915 in
385 858 456 916 urbe
476 857 591 933 haereo,
611 871 639 920 et
661 860 778 938 quidem
799 861 944 920 attonitus.
986 856 1136 916 Perturbat

142 971 187 1012 me
207 952 296 1030 longa
317 964 346 1013 et
366 956 498 1033 pertinax
520 960 654 1019 valetudo
677 960 735 1018 Titi
751 959 904 1030 Aristonis,
927 976 1014 1034 quern
1035 956 1135 1032 singu·

141 1050 231 1112 lariter
258 1063 287 1111 et
313 1054 402 1112 miror
429 1064 457 1112 et
484 1055 582 1133 diligo.
637 1057 716 1116 Nihil
749 1068 793 1118 est
827 1058 905 1116 enirn
932 1056 980 1114 illo
1011 1053 1133 1130 gravius,

142 1151 272 1223 sanctius,
288 1151 409 1226 doctius,
423 1162 454 1211 ut
469 1155 539 1212 mihi
560 1174 621 1215 non
638 1175 713 1215 unus
733 1155 832 1227 homo,
855 1155 907 1213 sed
926 1155 1034 1212 litterae
1053 1153 1135 1228 ipsae

115 1261 300 1328 5omnesque
320 1253 416 1310 bonae
437 1262 511 1312 artes
533 1254 563 1311 in
584 1272 644 1312 uno
665 1255 783 1313 homine
809 1271 955 1312 summum
975 1249 1134 1327 periculum

140 1347 217 1407 adire
244 1349 398 1408 videantur.
454 1350 691 1454 Quafflentus
725 1353 772 1411 ille
806 1361 835 1410 et
905 1351 969 1448 'pti
1002 1348 1070 1406 iuris
1106 1356 1135 1406 et

140 1448 262 1524 publici!
298 1459 438 1527 quantum
465 1414 569 1522 rdiirm,
598 1433 740 1528 quantum
768 1419 983 1526 exhirploruh‘ss
993 1454 1134 1523 quantum

140 1547 313 1623 antiquitatis
337 1551 431 1607 tenet!
489 1549 568 1608 Nihil
588 1560 632 1611 est
655 1551 737 1627 quod
758 1550 868 1609 discere
888 1547 966 1618 velis,
987 1545 1072 1657 quqq
1079 1544 1241 1643 ίιΙξεἫιί-ί,

139 1643 244 1704 docere
267 1664 329 1705 non
356 1647 456 1723 possit.
499 1647 573 1706 Mihi
601 1659 686 1722 certe,
711 1649 845 1726 quotiens
870 1645 977 1723 aliquid
1004 1641 1134 1704 abditum

95 1765 126 1802 ro
139 1760 256 1819 quaero,
283 1745 329 1804 ille
357 1746 507 1806 thesaurus
535 1757 586 1808 est.
636 1749 700 1806 Iam
729 1756 847 1832 quanta,
864 1744 1044 1804 sermonibus
1073 1742 1134 1829 eius

139 1841 219 1914 fides,
241 1855 349 1919 quanta
376 1846 539 1917 auctoritas
562 1864 652 1924 quam
673 1834 824 1923 pressa'et
844 1837 951 1901 decora
973 1841 1134 1900 cunctatio!

139 1940 208 2017 quid
243 1952 286 2001 est
317 1943 397 2019 quod
427 1963 489 2004 non
521 1947 616 2004 statim
648 1945 737 2004 sciat?
779 1953 807 2001 et
837 1951 936 2001 tamen
963 1939 1135 2017 plerumque

138 2037 270 2111 haesitat,
295 2041 405 2100 dubitat
428 2043 588 2102 diversitate
612 2044 765 2114 rationum,
789 2059 862 2119 quas
884 2041 943 2098 acri
965 2055 1134 2115 magnoque

138 2137 245 2197 iudicio
288 2140 325 2198 ab
363 2141 474 2217 origine
514 2143 664 2219 causisque
704 2141 803 2217 primis
839 2139 950 2216 repetit,
989 2137 1133 2208 discernit,

92 2256 123 2310 15
139 2236 284 2314 expendit.
340 2237 388 2296 Ad
409 2239 466 2298 hoc
492 2259 579 2318 quam
604 2259 707 2317 parcus
730 2242 761 2298 in
781 2240 864 2310 victu,
887 2257 976 2315 quam
1000 2239 1133 2296 modicus

137 2335 168 2394 in
188 2337 283 2394 cultul
326 2337 413 2396 Soleo
432 2339 528 2415 ipsum
545 2339 710 2397 cubiculum
726 2339 787 2396 eius
806 2338 959 2414 ipsumque
976 2335 1082 2394 lectum
1102 2345 1134 2394 ut

136 2436 295 2512 imaginem
331 2438 479 2513 quandam
513 2439 624 2514 priscae
659 2436 826 2515 frugalitatis
861 2437 999 2512 aspicere.
1041 2434 1135 2494 Ornat

136 2533 210 2592 haec
230 2536 401 2611 magnitudo
420 2537 517 2608 animi,
540 2555 614 2612 quae
635 2536 706 2595 nihil
723 2535 759 2593 ad
781 2535 1012 2605 ostentationem,
1035 2533 1135 2592 omnia

136 2633 175 2690 ad
190 2633 398 2693 conscientiam
413 2634 506 2707 refert,
521 2645 655 2712 recteque
669 2635 738 2692 facti
752 2652 813 2692 non
832 2653 867 2692 ex
882 2632 983 2710 populi
998 2651 1133 2691 sermone

87 2752 123 2788 πο
136 2732 312 2805 mercedem,
327 2733 379 2793 sed
400 2753 436 2792 ex
457 2734 535 2792 facto
556 2733 635 2811 petit.
677 2733 713 2790 In
728 2751 840 2792 summa
854 2750 915 2790 non
929 2731 1012 2790 facile
1032 2750 1133 2808 quem·

135 2847 228 2906 quam
249 2850 285 2889 ex
306 2831 367 2892 istis
388 2833 437 2909 qui
460 2833 617 2910 sapientiae
638 2832 764 2891 studium
783 2831 881 2889 habitu
901 2831 1030 2906 corporis
1047 2848 1133 2909 prae-

134 2927 234 2987 ferunt
258 2929 325 2988 huic
345 2930 407 2988 viro
433 2931 623 3006 comparabis.
666 2929 737 2989 Non
758 2929 877 3006 quidem
898 2930 1050 3006 gymnasia
1071 2947 1134 2988 sec-

133 3034 214 3085 tatur
233 3038 283 3087 aut
298 3032 426 3106 porticus
447 3048 501 3088 nec
523 3030 763 3106 disputationibus
783 3027 879 3102 longis
900 3027 1019 3088 aliorum
1041 3029 1133 3086 otium

134 3142 281 3201 suumque
302 3125 433 3197 delectat,
456 3126 507 3185 sed
528 3127 558 3184 in
579 3138 648 3202 toga
668 3126 849 3202 negotiisque
870 3135 1006 3198 versatur,
1027 3125 1132 3184 multos

84 3242 116 3294 ²⁵
133 3222 336 3296 advocatione,
359 3223 454 3302 plures
478 3225 600 3283 consilio
628 3225 712 3282 iuvat.
756 3221 873 3280 Nemini
894 3231 990 3280 tamen
1010 3223 1132 3280 istorum

132 3323 278 3395 castitate,
312 3324 425 3400 pietate,
459 3325 579 3418 iustitia,l
602 3321 787 3420 ⁸fqptitqdine⁸
802 3321 896 3412 ,etjam
935 3321 1030 3396 primo
1064 3301 1159 3394 loco]

133 3422 266 3479 cesserit.
321 3420 474 3495 Mirareris
510 3423 533 3481 si
571 3401 752 3492 ihteresseS,⁸
768 3397 851 3496 quaek
881 3419 1017 3496 patientia
1055 3418 1131 3478 hanc

130 3521 232 3595 ipsam
254 3519 447 3580 valetudinem
473 3522 581 3594 toleret,
606 3530 638 3578 ut
661 3519 753 3578 dolori
776 3519 896 3588 resistat,
920 3526 952 3575 ut
976 3517 1050 3575 sitim
1079 3516 1130 3574 dif-

129 3617 219 3692 ferat,
240 3631 272 3679 ut
292 3621 489 3680 incredibilem
509 3621 632 3680 febrium
654 3619 787 3677 ardorem
807 3617 935 3675 inmotus
956 3625 1131 3695 opertusque

631 3737 648 3779 C
