2636 3980
185 150 227 234 58
456 161 478 209 A
504 163 701 211 sarrcrrorv
720 162 824 211 raon
846 160 914 210 rur

186 322 271 381 dicax
294 332 322 381 et
349 323 478 381 urbanus
506 332 535 381 et
557 322 650 383 bellus
674 325 736 382 est?
779 323 909 382 Tantum
934 323 1066 383 licentiae
1090 323 1185 401 pravis
1199 348 1232 382 10

185 422 310 497 ingeniis
339 421 426 480 adicit
453 420 500 479 illa
528 421 642 492 fiducia,
671 422 756 499 ‘quis
785 422 864 479 enim
892 423 994 481 sciet3'
1047 423 1186 500 Poposcit

186 520 329 592 tabellam,
356 521 453 581 stilum
478 520 598 596 accepit,
624 521 740 579 demisit
767 530 862 597 caput,
888 522 1037 580 neminem
1064 533 1185 595 veretur,

186 637 218 678 se
241 620 410 679 contemnit.
452 618 525 676 lude
548 619 603 676 ista
624 619 747 677 ludibria
772 636 877 678 scaena
899 630 928 678 et
950 620 1063 697 pulpito
1087 620 1185 699 digna.

187 716 256 788 Quo
283 727 311 776 te
339 718 451 776 vertas?
493 715 578 788 Quae
603 715 731 775 remedia
759 718 934 793 conquiras?
977 719 1093 796 Ubique
1118 715 1186 779 vitia

185 816 320 874 remediis
349 816 474 876 fortiora
533 814 617 870 Ἀλλὰ
630 820 710 871 ταῦτα
737 820 773 891 τῷ
801 817 865 888 ὑπὲρ
893 817 957 888 ἡμᾶς
991 819 1108 891 pellicei,
1138 820 1185 877 cui
1200 841 1230 890 15

186 913 308 971 multum
344 916 449 975 cotidie
484 918 652 992 vigiliarum,
689 912 813 971 multum
847 914 954 973 laboris
990 917 1078 976 adicit
1112 917 1185 976 haec

187 1020 286 1071 nostra
300 1013 377 1072 iners
392 1024 421 1073 et
435 1025 534 1074 tamen
548 1014 689 1088 effrenata
703 1011 866 1089 petulantia.
909 1013 990 1072 Vale.

445 1300 486 1356 ,μ
533 1281 586 1336 44.
630 1275 763 1354 (BOOK
786 1289 812 1349 5.
837 1271 874 1353 1.)

219 1407 290 1471 Pliny
297 1407 408 1472 explains
419 1409 476 1472 why
484 1410 526 1458 the
538 1410 624 1472 legacy
632 1409 683 1472 just
694 1408 739 1458 left
749 1408 801 1457 him
813 1408 846 1471 by
855 1407 976 1457 Curianus
987 1408 1037 1458 had
1048 1408 1120 1472 given
1131 1409 1184 1457 him

185 1505 213 1539 so
231 1491 305 1539 much
323 1490 449 1555 pleasure;
471 1492 575 1555 namely,
594 1493 698 1542 because
716 1492 735 1540 it
754 1507 805 1540 was
825 1507 840 1539 a
859 1506 1015 1554 recompensa
1034 1499 1060 1540 to
1077 1491 1129 1540 him
1147 1491 1185 1541 for

185 1572 278 1636 having
289 1571 404 1637 formerly
413 1574 484 1622 acted
493 1574 553 1623 with
565 1575 648 1639 equity
657 1573 705 1623 and
714 1573 852 1637 generosity
860 1574 968 1622 towards
976 1573 1103 1632 Curianus,
1113 1573 1185 1621 when

186 1656 228 1704 the
244 1656 318 1706 latter
329 1655 378 1705 had
395 1657 456 1706 been
471 1657 631 1706 disinherited
646 1657 680 1720 by
690 1656 730 1704 his
746 1658 843 1705 mother
859 1656 997 1721 Pomponia
1014 1656 1039 1704 in
1055 1657 1142 1705 favour
1160 1655 1190 1704 of

186 1738 264 1802 Pliny,
276 1739 379 1789 Severus
389 1739 438 1788 and
451 1739 541 1790 others.

430 1877 455 1919 C.
477 1878 588 1918 PLINIUS
609 1878 697 1920 ANNIO
718 1878 827 1918 SEVERO
849 1878 902 1920 SUO
924 1877 946 1919 S.

228 1991 372 2068 Legatum
391 1991 462 2051 mihi
483 1993 600 2052 obvenit
621 1993 779 2064 modicum,
795 1991 847 2050 sed
868 1991 1047 2068 amplissimo
1066 1993 1182 2070 gratius

187 2090 247 2151 Cur
268 2093 447 2168 amplissimo
469 2093 594 2169 gratius?
637 2093 803 2169 Pomponia
825 2090 909 2150 Galla
930 2092 1107 2152 exheredato
1125 2093 1184 2151 filio

186 2189 299 2248 Asudio
322 2189 451 2248 Curiano
475 2191 612 2249 heredem
634 2191 786 2267 reliquerat
806 2209 863 2262 me,
886 2191 1004 2250 dederat
1025 2190 1185 2251 coheredes

188 2287 346 2346 Sertorium
368 2287 514 2359 Severum,
536 2291 712 2364 praetorium
736 2291 837 2362 virum,
862 2291 991 2366 aliosque
1014 2289 1184 2366 splendidos

187 2387 297 2464 equites
323 2385 484 2452 Romanos.
527 2385 670 2445 Curianus
695 2390 797 2447 orabat
820 2398 851 2446 ut
875 2389 929 2448 sibi
953 2390 1094 2449 donarem
1116 2405 1184 2464 por·
1196 2412 1210 2463 5

186 2485 298 2544 tionem
325 2502 423 2541 meam
451 2501 539 2561 seque
563 2486 740 2561 praeiudicio
769 2488 912 2561 iuvarem;
949 2487 1073 2548 eandem
1097 2488 1186 2546 tacita

187 2585 380 2644 conventione
403 2585 511 2643 salvam
531 2585 601 2642 mihi
623 2586 821 2662 pollicebatur.
873 2586 1102 2664 Respondebam
1123 2604 1187 2644 non

188 2685 344 2742 convenire
369 2685 498 2742 moribus
521 2685 593 2742 meis
618 2685 696 2744 aliud
719 2685 826 2762 palam,
849 2687 927 2745 aliud
951 2704 1037 2762 agere
1063 2695 1186 2756 secreto,

187 2794 336 2862 praeterea
357 2801 419 2843 non
443 2803 507 2842 esse
533 2785 601 2843 satis
623 2784 777 2844 honestum
801 2784 911 2843 donare
936 2795 965 2843 et
993 2785 1129 2860 locupleti
1157 2797 1187 2844 et

187 2887 269 2956 orbo,
292 2885 321 2941 in
344 2902 459 2942 summa
479 2902 540 2942 non
562 2884 743 2961 profuturum
764 2887 799 2956 ei,
821 2886 845 2943 si
867 2885 1032 2955 donassem,
1055 2883 1231 2961 profuturo

188 3003 261 3055 rum,
299 2984 323 3042 si
352 2984 512 3056 cessissem,
542 3003 605 3044 esse
640 2994 736 3042 autern
773 3004 821 3043 me
852 2995 984 3060 paratum
1020 2985 1132 3056 cedere,
1163 2988 1187 3044 si

188 3085 285 3161 inique
320 3083 527 3142 exheredatum
559 3083 630 3141 mihi
665 3083 791 3160 liqueret.
834 3084 882 3142 Ad
916 3084 974 3144 hoc
1009 3085 1056 3143 ille
1092 3090 1186 3160 ‘rogo

188 3180 369 3260 cognoscas!
412 3181 572 3241 Cunctatus
596 3182 715 3259 paulum
742 3183 873 3243 ‘faciam'
899 3185 1038 3260 inquam:
1073 3187 1187 3259 ‘neque

189 3285 267 3343 enim
282 3284 367 3342 video
383 3302 433 3342 cur
452 3283 514 3358 ipse
537 3301 584 3342 me
605 3284 750 3341 minorem
770 3292 879 3360 putem,
894 3301 982 3361 quam
1004 3284 1055 3342 tibi
1076 3283 1186 3342 videor.

190 3383 251 3441 Sed
274 3385 332 3440 iam
355 3399 433 3439 nunc
454 3392 603 3442 memento
624 3402 685 3441 non
707 3382 869 3441 defuturam
890 3382 961 3441 mihi
982 3384 1187 3454 constantiam,
1200 3403 1229 3453 15

189 3480 213 3538 si
236 3481 368 3542 italides
390 3480 509 3551 duxerit,
532 3482 693 3540 secundum
717 3490 840 3538 matrem
861 3491 941 3539 tuam
961 3482 1187 3558 pronuntiandi!

189 3577 248 3636 *Ut
260 3579 358 3638 voles’
378 3579 437 3638 ait:
471 3579 568 3638 ‘voles
588 3581 667 3638 enim
688 3579 770 3654 quod
790 3577 1015 3655 aequissimum!
1056 3579 1188 3638 Adhibui
