2636 3980
176 181 215 229 12
446 179 469 228 A
495 179 690 234 SELECTION
709 182 813 232 FROM
835 181 903 230 THE

174 345 267 397 metro
296 335 422 396 solutum
453 339 511 414 legi
539 339 656 399 credidi.
712 339 797 412 Quae
825 341 883 399 sive
910 341 1012 413 uxoris
1039 350 1114 413 sunt,
1142 349 1177 398 ut

174 435 316 507 adfirmat,
332 437 390 494 sive
404 437 502 512 ipsius,
517 448 548 496 ut
567 450 664 515 negat,
679 440 742 516 pari
761 438 853 515 gloria
868 441 976 516 dignus
990 442 1039 517 qui
1059 450 1108 499 aut
1126 440 1174 500 illa

176 545 335 610 componat
355 544 404 593 aut
422 554 658 614 uxorem,qua1n
677 537 817 613 virginem
838 540 957 614 accepit,
976 539 1174 606 tamdoetam

175 633 352 710 politamque
377 634 539 694 reddiderit.
582 634 638 694 Est
658 654 729 712 ergo
750 654 867 695 mecum
888 654 941 713 per
962 637 1040 696 diem
1060 647 1173 696 totum:

176 732 304 793 eundem
328 741 483 810 antequam
509 735 642 806 scribam,
667 733 793 792 eundem
822 752 890 792 cum
915 735 1023 812 scripsi,
1047 736 1174 794 eundem
1190 754 1220 805 25

174 831 263 890 etiam
282 848 350 890 cum
368 833 508 905 remittor,
525 851 587 892 non
605 841 755 910 tamquam
773 833 899 892 eundem
918 833 994 908 lego.
1037 833 1127 906 Quod
1146 843 1175 892 te

175 947 293 1006 quoque
314 941 346 988 ut
370 930 458 990 iacias
479 943 507 991 et
527 931 627 990 hortor
648 940 677 990 et
701 949 818 990 moneo.
861 931 966 1008 Neque
988 932 1065 990 enim
1087 931 1175 991 debet

176 1030 312 1104 operibus
340 1029 401 1087 eius
429 1029 534 1088 obesse
559 1031 639 1107 quod
663 1030 739 1088 vivit.
788 1030 839 1087 An
865 1031 890 1088 si
918 1030 991 1088 inter
1018 1045 1070 1088 eos
1098 1049 1174 1107 quos

176 1145 337 1204 numquam
358 1127 480 1186 vidimus
505 1128 656 1199 floruisset,
679 1120 741 1186 non
763 1128 858 1186 solum
881 1128 970 1186 libros
992 1127 1053 1186 eius
1075 1147 1175 1186 verum

176 1225 263 1284 etiam
284 1226 426 1302 imagines
445 1227 698 1302 conquireremus3
724 1227 854 1286 eiusdem
876 1245 954 1284 nunc
975 1227 1071 1285 honor
1092 1245 1173 1304 prae·
1190 1247 1220 1295 30

176 1325 264 1383 sentis
284 1335 312 1383 et
334 1325 425 1400 gratia
444 1326 527 1400 quasi
547 1326 676 1384 satietate
696 1324 874 1400 languescit?
916 1326 956 1383 At
975 1324 1033 1383 hoc
1051 1343 1174 1400 pravum

177 1423 394 1499 malignumque
416 1433 467 1494 est,
489 1441 551 1480 non
571 1423 705 1481 admirari
727 1422 878 1482 hominem
899 1422 1089 1481 admiratione
1111 1409 1174 1499 dig-

177 1521 338 1592 nissimum,
351 1522 418 1598 quia
432 1521 536 1586 videre,
553 1521 678 1597 adloqui,
690 1522 798 1592 audire,
811 1521 973 1597 complecti,
989 1540 1043 1580 nec
1058 1520 1175 1579 laudare

177 1629 289 1679 tantum
302 1638 401 1680 verum
415 1620 503 1679 etiam
516 1627 613 1678 amare
628 1620 758 1696 contigit.
793 1619 876 1679 Vale.

499 1861 547 1914 12.
590 1852 719 1933 (Boon
744 1873 768 1912 1.
794 1851 851 1931 18.)

209 1992 280 2057 Pliny
291 1993 441 2043 endeavours
457 2000 484 2043 to
501 2010 610 2044 reassure
626 1990 763 2043 Suetonius’
776 1993 875 2055 anxiety
890 1993 967 2042 about
982 1992 1021 2041 his
1035 1993 1127 2052 dream,
1142 1993 1177 2056 by

174 2073 281 2138 relating
296 2092 327 2125 an
342 2077 484 2140 experience
500 2077 529 2125 of
540 2077 579 2124 his
595 2092 666 2135 own;
686 2077 731 2125 but
742 2075 764 2123 if
773 2075 904 2124 Suetonius
916 2075 967 2123 still
978 2075 1070 2125 desires
1081 2093 1096 2125 a
1108 2083 1177 2140 post-

176 2165 309 2222 ponement
320 2158 349 2206 oi
356 2159 398 2207 the
410 2174 473 2216 ease,
484 2159 518 2207 he
528 2158 580 2207 will
593 2158 703 2207 contrive
714 2163 740 2206 to
753 2158 838 2206 obtain
849 2157 869 2206 it
880 2156 919 2205 for
929 2157 990 2207 him.

353 2295 377 2338 C.
398 2296 511 2336 PLINIUS
531 2296 674 2337 SUETONIO
695 2294 884 2350 TRANQUILLO
905 2296 959 2337 SUO
980 2296 1002 2336 S.

218 2408 325 2468 Scribis
349 2418 377 2468 te
402 2410 583 2486 perterritum
608 2409 724 2468 somnio
745 2409 835 2468 vereri
859 2427 896 2467 ne
918 2409 988 2486 quid
1009 2409 1121 2468 adversi
1144 2411 1177 2468 in

178 2509 293 2572 actione
306 2509 429 2586 patiaris,
445 2527 532 2585 rogas
549 2518 580 2568 ut
599 2509 768 2570 dilationem
787 2518 885 2585 petam
903 2516 932 2568 et
951 2510 1090 2585 pauculos
1104 2509 1175 2579 dies,

178 2618 253 2668 certe
279 2609 453 2684 proximum,
475 2626 620 2666 excusem.
663 2607 786 2666 Difficile
809 2618 862 2681 est,
884 2608 937 2667 sed
961 2607 1106 2684 experiar:
1135 2611 1177 2664 καὶ

144 2733 146 2751 =
177 2711 227 2782 γάρ
248 2707 270 2764 τ’
285 2708 346 2782 ὄναρ
365 2709 392 2763 ἐκ
413 2711 474 2766 Διός
493 2709 570 2766 ἐστιν.
614 2706 715 2765 Refert
735 2716 843 2782 tamen,
865 2718 1001 2767 eventura
1021 2706 1116 2766 soleas
1138 2725 1177 2764 an

178 2805 321 2866 contraria
342 2807 495 2866 somniare.
537 2804 612 2864 Mihi
632 2807 777 2883 reputanti
799 2806 945 2866 somnium
971 2824 1078 2876 meum,
1099 2803 1206 2870 istud5

179 2904 260 2981 quod
294 2905 378 2964 times
413 2915 444 2964 tu
479 2906 627 2982 egregiam
662 2907 807 2965 actionem
848 2906 1021 2983 portendere
1055 2904 1176 2964 videtur.

180 3003 372 3079 Susceperam
402 3021 521 3062 causam
549 3002 615 3062 Iuni
642 3002 778 3076 Pastoris
808 3022 876 3064 cum
911 3004 981 3064 mihi
1016 3003 1177 3080 quiescenti

178 3102 239 3162 visa
256 3111 300 3160 est
319 3118 419 3160 socrus
438 3119 505 3160 mea
524 3100 660 3161 advoluta
678 3104 801 3178 genibus
819 3122 858 3162 ne
878 3121 994 3179 agerem
1013 3103 1176 3160 obsecrare.

178 3201 217 3260 Et
239 3208 319 3258 eram
339 3212 454 3260 acturus
472 3201 706 3262 adulescentulus
725 3201 829 3272 adhuc,
848 3219 929 3260 eram
950 3201 981 3259 in
997 3199 1177 3277 quadruplici

178 3300 293 3370 iudici0,
325 3318 405 3358 eram
437 3309 538 3360 contra
568 3300 785 3376 potentissimos
817 3299 937 3358 civitatis
971 3309 1058 3374 atque
1090 3298 1177 3357 etiam
1194 3322 1225 3356 10

180 3398 312 3459 Caesaris
331 3399 459 3472 amieos;
485 3418 560 3476 quae
578 3399 692 3476 singula
712 3407 846 3457 excutere
867 3407 996 3456 mentem
1018 3395 1088 3454 mihi
1110 3405 1178 3473 post

178 3506 239 3556 tam
253 3498 330 3558 triste
346 3498 493 3558 somnium
507 3507 651 3574 poterant.
693 3496 751 3574 Egi
765 3506 863 3556 tamen
877 3498 1047 3570 λογισάμενος
1060 3494 1130 3554 illud

355 3613 392 3673 εἷς
412 3615 500 3674 οἰωνὸς
520 3615 635 3689 ἄριστος,
656 3613 797 3686 ἀμύνεσθαι
817 3610 876 3686 περὶ
896 3613 1000 3684 πάτρης.
