<?xml version="1.0" encoding="UTF-8"?>
<!DOCTYPE html PUBLIC "-//W3C//DTD XHTML 1.0 Transitional//EN"
    "http://www.w3.org/TR/xhtml1/DTD/xhtml1-transitional.dtd">
<html xmlns="http://www.w3.org/1999/xhtml" xml:lang="en" lang="en">
 <head>
  <title>
</title>
<meta http-equiv="Content-Type" content="text/html;charset=utf-8" />
  <meta name='ocr-system' content='tesseract 3.04.00' />
  <meta name='ocr-capabilities' content='ocr_page ocr_carea ocr_par ocr_line ocrx_word'/>
</head>
<body>
  <div class='ocr_page' id='page_1' title='image "./selectedletters02plingoog_0123.png"; bbox 0 0 2626 3976; ppageno 0'>
   <div class='ocr_carea' id='block_1_1' title="bbox 175 184 893 246">
    <p class='ocr_par' dir='ltr' id='par_1_1' title="bbox 175 184 893 246">
     <span class='ocr_line' id='line_1_1' title="bbox 175 184 893 246; baseline 0.003 -2"><span class='ocrx_word' id='word_1_1' title='bbox 175 184 235 246; x_wconf 88' lang='lat'>106</span> <span class='ocrx_word' id='word_1_2' title='bbox 431 199 453 245; x_wconf 80' lang='lat' dir='ltr'><em>A</em></span> <span class='ocrx_word' id='word_1_3' title='bbox 478 195 677 245; x_wconf 77' lang='lat' dir='ltr'>sanacrron</span> <span class='ocrx_word' id='word_1_4' title='bbox 696 195 801 246; x_wconf 75' lang='lat' dir='ltr'>raon</span> <span class='ocrx_word' id='word_1_5' title='bbox 823 197 893 246; x_wconf 79' lang='lat' dir='ltr'>rrra</span> 
     </span>
    </p>
   </div>
   <div class='ocr_carea' id='block_1_2' title="bbox 429 426 820 545">
    <p class='ocr_par' dir='ltr' id='par_1_2' title="bbox 429 426 820 545">
     <span class='ocr_line' id='line_1_2' title="bbox 429 426 820 545; baseline -0.008 -21"><span class='ocrx_word' id='word_1_6' title='bbox 429 426 498 542; x_wconf 29' lang='grc' dir='ltr'><em>ἦ</em></span> <span class='ocrx_word' id='word_1_7' title='bbox 518 471 568 527; x_wconf 82' lang='lat' dir='ltr'>ar.</span> <span class='ocrx_word' id='word_1_8' title='bbox 612 459 820 545; x_wconf 82' lang='lat' dir='ltr'><strong>(TRA1.⁶5.)</strong></span> 
     </span>
    </p>
   </div>
   <div class='ocr_carea' id='block_1_3' title="bbox 182 596 1162 751">
    <p class='ocr_par' dir='ltr' id='par_1_3' title="bbox 182 596 1162 751">
     <span class='ocr_line' id='line_1_3' title="bbox 182 596 1162 669; baseline 0.004 -26"><span class='ocrx_word' id='word_1_9' title='bbox 182 596 254 660; x_wconf 91' lang='lat' dir='ltr'>Pliny</span> <span class='ocrx_word' id='word_1_10' title='bbox 264 597 321 648; x_wconf 72' lang='lat' dir='ltr'>aslis</span> <span class='ocrx_word' id='word_1_11' title='bbox 332 599 422 663; x_wconf 82' lang='lat' dir='ltr'><strong>Trajan</strong></span> <span class='ocrx_word' id='word_1_12' title='bbox 430 602 541 653; x_wconf 82' lang='lat' dir='ltr'>whether</span> <span class='ocrx_word' id='word_1_13' title='bbox 551 603 693 669; x_wconf 85' lang='lat' dir='ltr'>foundlings</span> <span class='ocrx_word' id='word_1_14' title='bbox 704 620 745 654; x_wconf 90' lang='lat' dir='ltr'>are</span> <span class='ocrx_word' id='word_1_15' title='bbox 756 609 783 652; x_wconf 87' lang='lat' dir='ltr'>to</span> <span class='ocrx_word' id='word_1_16' title='bbox 792 603 824 651; x_wconf 94' lang='lat' dir='ltr'>be</span> <span class='ocrx_word' id='word_1_17' title='bbox 835 598 979 650; x_wconf 83' lang='lat' dir='ltr'>considered</span> <span class='ocrx_word' id='word_1_18' title='bbox 991 599 1033 647; x_wconf 88' lang='lat' dir='ltr'>the</span> <span class='ocrx_word' id='word_1_19' title='bbox 1044 606 1162 664; x_wconf 89' lang='lat' dir='ltr'>property</span> 
     </span>
     <span class='ocr_line' id='line_1_4' title="bbox 258 680 1086 751; baseline 0.022 -23"><span class='ocrx_word' id='word_1_20' title='bbox 258 680 288 729; x_wconf 93' lang='lat' dir='ltr'>of</span> <span class='ocrx_word' id='word_1_21' title='bbox 295 681 366 732; x_wconf 92' lang='lat' dir='ltr'>those</span> <span class='ocrx_word' id='word_1_22' title='bbox 377 683 434 733; x_wconf 88' lang='lat' dir='ltr'>who</span> <span class='ocrx_word' id='word_1_23' title='bbox 446 684 510 736; x_wconf 86' lang='lat' dir='ltr'>have</span> <span class='ocrx_word' id='word_1_24' title='bbox 521 687 584 737; x_wconf 88' lang='lat' dir='ltr'>been</span> <span class='ocrx_word' id='word_1_25' title='bbox 595 695 621 736; x_wconf 89' lang='lat' dir='ltr'>at</span> <span class='ocrx_word' id='word_1_26' title='bbox 632 687 674 736; x_wconf 92' lang='lat' dir='ltr'>the</span> <span class='ocrx_word' id='word_1_27' title='bbox 686 701 789 751; x_wconf 85' lang='lat' dir='ltr'>expense</span> <span class='ocrx_word' id='word_1_28' title='bbox 801 684 831 734; x_wconf 87' lang='lat' dir='ltr'>of</span> <span class='ocrx_word' id='word_1_29' title='bbox 838 683 953 747; x_wconf 75' lang='lat' dir='ltr'>bss&#39;nging</span> <span class='ocrx_word' id='word_1_30' title='bbox 965 682 1033 730; x_wconf 60' lang='lat' dir='ltr'>them</span> <span class='ocrx_word' id='word_1_31' title='bbox 1044 697 1086 746; x_wconf 86' lang='lat' dir='ltr'>uP·</span> 
     </span>
    </p>
   </div>
   <div class='ocr_carea' id='block_1_4' title="bbox 414 829 932 875">
    <p class='ocr_par' dir='ltr' id='par_1_4' title="bbox 414 829 932 875">
     <span class='ocr_line' id='line_1_5' title="bbox 414 829 932 875; baseline -0.008 -1"><span class='ocrx_word' id='word_1_32' title='bbox 414 833 440 874; x_wconf 80' lang='lat' dir='ltr'>C.</span> <span class='ocrx_word' id='word_1_33' title='bbox 461 833 573 875; x_wconf 86' lang='lat' dir='ltr'><strong>PLINIUS</strong></span> <span class='ocrx_word' id='word_1_34' title='bbox 595 834 724 875; x_wconf 79' lang='lat' dir='ltr'>TRAIANO</span> <span class='ocrx_word' id='word_1_35' title='bbox 744 829 932 874; x_wconf 78' lang='lat' dir='ltr'>IMPERATORI.</span> 
     </span>
    </p>
   </div>
   <div class='ocr_carea' id='block_1_5' title="bbox 130 950 1265 2295">
    <p class='ocr_par' dir='ltr' id='par_1_5' title="bbox 130 950 1265 2295">
     <span class='ocr_line' id='line_1_6' title="bbox 211 950 1173 1033; baseline 0.002 -25"><span class='ocrx_word' id='word_1_36' title='bbox 211 950 332 1028; x_wconf 84' lang='lat' dir='ltr'>Magna,</span> <span class='ocrx_word' id='word_1_37' title='bbox 343 953 469 1027; x_wconf 91' lang='lat' dir='ltr'>domine,</span> <span class='ocrx_word' id='word_1_38' title='bbox 482 967 510 1015; x_wconf 90' lang='lat' dir='ltr'>et</span> <span class='ocrx_word' id='word_1_39' title='bbox 524 957 563 1015; x_wconf 93' lang='lat' dir='ltr'>ad</span> <span class='ocrx_word' id='word_1_40' title='bbox 576 965 668 1015; x_wconf 91' lang='lat' dir='ltr'>totam</span> <span class='ocrx_word' id='word_1_41' title='bbox 682 956 861 1033; x_wconf 90' lang='lat' dir='ltr'>provinciam</span> <span class='ocrx_word' id='word_1_42' title='bbox 876 954 1024 1031; x_wconf 88' lang='lat' dir='ltr'>pertinens</span> <span class='ocrx_word' id='word_1_43' title='bbox 1039 952 1173 1028; x_wconf 86' lang='lat' dir='ltr'>quaestio</span> 
     </span>
     <span class='ocr_line' id='line_1_7' title="bbox 170 1050 1173 1130; baseline 0.003 -22"><span class='ocrx_word' id='word_1_44' title='bbox 170 1059 214 1109; x_wconf 91' lang='lat' dir='ltr'>est</span> <span class='ocrx_word' id='word_1_45' title='bbox 239 1050 275 1108; x_wconf 93' lang='lat' dir='ltr'>de</span> <span class='ocrx_word' id='word_1_46' title='bbox 296 1053 470 1112; x_wconf 89' lang='lat' dir='ltr'>condicione</span> <span class='ocrx_word' id='word_1_47' title='bbox 489 1064 518 1114; x_wconf 94' lang='lat' dir='ltr'>et</span> <span class='ocrx_word' id='word_1_48' title='bbox 536 1055 679 1114; x_wconf 83' lang='lat' dir='ltr'>alimentis</span> <span class='ocrx_word' id='word_1_49' title='bbox 694 1071 795 1113; x_wconf 90' lang='lat' dir='ltr'>eorum</span> <span class='ocrx_word' id='word_1_50' title='bbox 814 1070 890 1130; x_wconf 89' lang='lat' dir='ltr'>quos</span> <span class='ocrx_word' id='word_1_51' title='bbox 912 1061 1017 1111; x_wconf 90' lang='lat' dir='ltr'>vocant</span> <span class='ocrx_word' id='word_1_52' title='bbox 1039 1052 1173 1126; x_wconf 69' lang='grc' dir='ltr'>θρεπτούς.</span> 
     </span>
     <span class='ocr_line' id='line_1_8' title="bbox 169 1147 1176 1228; baseline 0.003 -23"><span class='ocrx_word' id='word_1_53' title='bbox 169 1147 206 1206; x_wconf 92' lang='lat' dir='ltr'>In</span> <span class='ocrx_word' id='word_1_54' title='bbox 229 1167 287 1226; x_wconf 90' lang='lat' dir='ltr'>qua</span> <span class='ocrx_word' id='word_1_55' title='bbox 314 1169 372 1226; x_wconf 88' lang='lat' dir='ltr'>ego</span> <span class='ocrx_word' id='word_1_56' title='bbox 399 1153 502 1212; x_wconf 88' lang='lat' dir='ltr'>auditis</span> <span class='ocrx_word' id='word_1_57' title='bbox 529 1153 782 1212; x_wconf 88' lang='lat' dir='ltr'>constitutionibus</span> <span class='ocrx_word' id='word_1_58' title='bbox 807 1151 981 1228; x_wconf 91' lang='lat' dir='ltr'>principum,</span> <span class='ocrx_word' id='word_1_59' title='bbox 1008 1151 1076 1226; x_wconf 90' lang='lat' dir='ltr'>quia</span> <span class='ocrx_word' id='word_1_60' title='bbox 1102 1149 1176 1208; x_wconf 91' lang='lat' dir='ltr'>nihil</span> 
     </span>
     <span class='ocr_line' id='line_1_9' title="bbox 168 1241 1174 1327; baseline 0.005 -24"><span class='ocrx_word' id='word_1_61' title='bbox 168 1241 352 1306; x_wconf 84' lang='lat' dir='ltr'>inveniebam</span> <span class='ocrx_word' id='word_1_62' title='bbox 374 1259 423 1307; x_wconf 91' lang='lat' dir='ltr'>aut</span> <span class='ocrx_word' id='word_1_63' title='bbox 445 1251 596 1327; x_wconf 91' lang='lat' dir='ltr'>proprium</span> <span class='ocrx_word' id='word_1_64' title='bbox 617 1260 667 1309; x_wconf 90' lang='lat' dir='ltr'>aut</span> <span class='ocrx_word' id='word_1_65' title='bbox 687 1250 848 1309; x_wconf 89' lang='lat' dir='ltr'>universale</span> <span class='ocrx_word' id='word_1_66' title='bbox 869 1250 950 1326; x_wconf 92' lang='lat' dir='ltr'>quod</span> <span class='ocrx_word' id='word_1_67' title='bbox 971 1248 1008 1307; x_wconf 89' lang='lat' dir='ltr'>ad</span> <span class='ocrx_word' id='word_1_68' title='bbox 1029 1247 1174 1324; x_wconf 89' lang='lat' dir='ltr'>Bithynos</span> 
     </span>
     <span class='ocr_line' id='line_1_10' title="bbox 169 1345 1203 1424; baseline 0.004 -23"><span class='ocrx_word' id='word_1_69' title='bbox 169 1345 327 1416; x_wconf 88' lang='lat' dir='ltr'>referretur,</span> <span class='ocrx_word' id='word_1_70' title='bbox 343 1348 555 1407; x_wconf 89' lang='lat' dir='ltr'>consulendum</span> <span class='ocrx_word' id='word_1_71' title='bbox 575 1358 604 1406; x_wconf 89' lang='lat' dir='ltr'>te</span> <span class='ocrx_word' id='word_1_72' title='bbox 625 1349 794 1419; x_wconf 83' lang='lat' dir='ltr'>existimavi,</span> <span class='ocrx_word' id='word_1_73' title='bbox 814 1348 884 1424; x_wconf 92' lang='lat' dir='ltr'>quid</span> <span class='ocrx_word' id='word_1_74' title='bbox 905 1347 1052 1406; x_wconf 88' lang='lat' dir='ltr'>observari</span> <span class='ocrx_word' id='word_1_75' title='bbox 1072 1347 1203 1419; x_wconf 83' lang='lat' dir='ltr'>velles,5</span> 
     </span>
     <span class='ocr_line' id='line_1_11' title="bbox 130 1447 1173 1523; baseline 0.006 -24"><span class='ocrx_word' id='word_1_76' title='bbox 130 1517 131 1520; x_wconf 8' lang='grc' dir='ltr'><strong>Ἴ</strong></span> <span class='ocrx_word' id='word_1_77' title='bbox 169 1461 265 1518; x_wconf 88' lang='lat' dir='ltr'>neque</span> <span class='ocrx_word' id='word_1_78' title='bbox 280 1447 377 1519; x_wconf 86' lang='lat' dir='ltr'>putavi</span> <span class='ocrx_word' id='word_1_79' title='bbox 395 1463 483 1521; x_wconf 92' lang='lat' dir='ltr'>posse</span> <span class='ocrx_word' id='word_1_80' title='bbox 503 1465 550 1505; x_wconf 87' lang='lat' dir='ltr'>me</span> <span class='ocrx_word' id='word_1_81' title='bbox 570 1448 599 1505; x_wconf 91' lang='lat' dir='ltr'>in</span> <span class='ocrx_word' id='word_1_82' title='bbox 621 1465 658 1506; x_wconf 92' lang='lat' dir='ltr'>eo</span> <span class='ocrx_word' id='word_1_83' title='bbox 679 1447 759 1523; x_wconf 90' lang='lat' dir='ltr'>quod</span> <span class='ocrx_word' id='word_1_84' title='bbox 780 1447 978 1506; x_wconf 87' lang='lat' dir='ltr'>auctoritatem</span> <span class='ocrx_word' id='word_1_85' title='bbox 999 1455 1080 1504; x_wconf 89' lang='lat' dir='ltr'>tuam</span> <span class='ocrx_word' id='word_1_86' title='bbox 1101 1463 1173 1522; x_wconf 90' lang='lat' dir='ltr'>pos·</span> 
     </span>
     <span class='ocr_line' id='line_1_12' title="bbox 170 1527 1265 1621; baseline 0.003 -22"><span class='ocrx_word' id='word_1_87' title='bbox 170 1550 247 1599; x_wconf 90' lang='lat' dir='ltr'>ceret</span> <span class='ocrx_word' id='word_1_88' title='bbox 261 1543 396 1619; x_wconf 85' lang='lat' dir='ltr'>exemplo</span> <span class='ocrx_word' id='word_1_89' title='bbox 411 1562 476 1602; x_wconf 88' lang='lat' dir='ltr'>esse</span> <span class='ocrx_word' id='word_1_90' title='bbox 494 1553 676 1603; x_wconf 89' lang='lat' dir='ltr'>contentum.</span> <span class='ocrx_word' id='word_1_91' title='bbox 717 1545 904 1604; x_wconf 84' lang='lat' dir='ltr'>Recitabatur</span> <span class='ocrx_word' id='word_1_92' title='bbox 917 1553 1015 1602; x_wconf 88' lang='lat' dir='ltr'>autem</span> <span class='ocrx_word' id='word_1_93' title='bbox 1029 1545 1108 1621; x_wconf 90' lang='lat' dir='ltr'>apud</span> <span class='ocrx_word' id='word_1_94' title='bbox 1122 1562 1173 1602; x_wconf 91' lang='lat' dir='ltr'>me</span> <span class='ocrx_word' id='word_1_95' title='bbox 1262 1527 1265 1534; x_wconf 39' lang='lat'><strong>¹</strong></span> 
     </span>
     <span class='ocr_line' id='line_1_13' title="bbox 170 1639 1171 1719; baseline 0.005 -23"><span class='ocrx_word' id='word_1_96' title='bbox 170 1639 295 1697; x_wconf 90' lang='lat' dir='ltr'>edictum</span> <span class='ocrx_word' id='word_1_97' title='bbox 310 1642 390 1717; x_wconf 90' lang='lat' dir='ltr'>quod</span> <span class='ocrx_word' id='word_1_98' title='bbox 409 1642 558 1701; x_wconf 85' lang='lat' dir='ltr'>dicebatur</span> <span class='ocrx_word' id='word_1_99' title='bbox 579 1643 635 1702; x_wconf 91' lang='lat' dir='ltr'>divi</span> <span class='ocrx_word' id='word_1_100' title='bbox 650 1643 776 1719; x_wconf 83' lang='lat' dir='ltr'>Augusti</span> <span class='ocrx_word' id='word_1_101' title='bbox 796 1644 834 1702; x_wconf 90' lang='lat' dir='ltr'>ad</span> <span class='ocrx_word' id='word_1_102' title='bbox 853 1643 982 1701; x_wconf 85' lang='lat' dir='ltr'>Anniam</span> <span class='ocrx_word' id='word_1_103' title='bbox 1002 1643 1171 1719; x_wconf 90' lang='lat' dir='ltr'>pertinens;</span> 
     </span>
     <span class='ocr_line' id='line_1_14' title="bbox 169 1737 1173 1817; baseline 0.004 -23"><span class='ocrx_word' id='word_1_104' title='bbox 169 1737 304 1796; x_wconf 88' lang='lat' dir='ltr'>recitatae</span> <span class='ocrx_word' id='word_1_105' title='bbox 325 1748 354 1797; x_wconf 91' lang='lat' dir='ltr'>et</span> <span class='ocrx_word' id='word_1_106' title='bbox 375 1739 514 1815; x_wconf 89' lang='lat' dir='ltr'>epistulae</span> <span class='ocrx_word' id='word_1_107' title='bbox 534 1740 592 1800; x_wconf 92' lang='lat' dir='ltr'>divi</span> <span class='ocrx_word' id='word_1_108' title='bbox 612 1740 786 1817; x_wconf 89' lang='lat' dir='ltr'>Vespasiani</span> <span class='ocrx_word' id='word_1_109' title='bbox 806 1743 845 1801; x_wconf 93' lang='lat' dir='ltr'>ad</span> <span class='ocrx_word' id='word_1_110' title='bbox 865 1742 1119 1801; x_wconf 88' lang='lat' dir='ltr'>Lacedaemonios</span> <span class='ocrx_word' id='word_1_111' title='bbox 1141 1751 1173 1798; x_wconf 91' lang='lat' dir='ltr'>et</span> 
     </span>
     <span class='ocr_line' id='line_1_15' title="bbox 170 1835 1220 1921; baseline 0.01 -28"><span class='ocrx_word' id='word_1_112' title='bbox 170 1835 227 1893; x_wconf 90' lang='lat' dir='ltr'>divi</span> <span class='ocrx_word' id='word_1_113' title='bbox 254 1836 314 1895; x_wconf 86' lang='lat' dir='ltr'>Titi</span> <span class='ocrx_word' id='word_1_114' title='bbox 342 1838 379 1896; x_wconf 91' lang='lat' dir='ltr'>ad</span> <span class='ocrx_word' id='word_1_115' title='bbox 404 1839 525 1897; x_wconf 89' lang='lat' dir='ltr'>eosdem</span> <span class='ocrx_word' id='word_1_116' title='bbox 549 1835 711 1921; x_wconf 90' lang='lat' dir='ltr'>[Achaeos]</span> <span class='ocrx_word' id='word_1_117' title='bbox 737 1850 767 1899; x_wconf 91' lang='lat' dir='ltr'>et</span> <span class='ocrx_word' id='word_1_118' title='bbox 788 1840 950 1900; x_wconf 89' lang='lat' dir='ltr'>Domitiani</span> <span class='ocrx_word' id='word_1_119' title='bbox 971 1841 1009 1900; x_wconf 95' lang='lat' dir='ltr'>ad</span> <span class='ocrx_word' id='word_1_120' title='bbox 1030 1841 1171 1899; x_wconf 84' lang='lat' dir='ltr'>Avidium</span> <span class='ocrx_word' id='word_1_121' title='bbox 1189 1868 1220 1903; x_wconf 87' lang='lat'>10</span> 
     </span>
     <span class='ocr_line' id='line_1_16' title="bbox 170 1920 1172 2015; baseline 0.007 -24"><span class='ocrx_word' id='word_1_122' title='bbox 170 1932 326 2011; x_wconf 85' lang='lat' dir='ltr'>Nigrinum</span> <span class='ocrx_word' id='word_1_123' title='bbox 354 1945 383 1996; x_wconf 92' lang='lat' dir='ltr'>et</span> <span class='ocrx_word' id='word_1_124' title='bbox 410 1920 582 1996; x_wconf 81' lang='lat' dir='ltr'>Armenium</span> <span class='ocrx_word' id='word_1_125' title='bbox 611 1938 776 1998; x_wconf 92' lang='lat' dir='ltr'>Brocchum</span> <span class='ocrx_word' id='word_1_126' title='bbox 805 1939 1005 2015; x_wconf 90' lang='lat' dir='ltr'>proconsules,</span> <span class='ocrx_word' id='word_1_127' title='bbox 1033 1939 1104 1998; x_wconf 88' lang='lat' dir='ltr'>item</span> <span class='ocrx_word' id='word_1_128' title='bbox 1132 1941 1172 1998; x_wconf 93' lang='lat' dir='ltr'>ad</span> 
     </span>
     <span class='ocr_line' id='line_1_17' title="bbox 168 2032 1172 2115; baseline 0.004 -23"><span class='ocrx_word' id='word_1_129' title='bbox 168 2032 431 2095; x_wconf 89' lang='lat' dir='ltr'>Lacedaemonios.</span> <span class='ocrx_word' id='word_1_130' title='bbox 484 2036 568 2109; x_wconf 86' lang='lat' dir='ltr'>Quae</span> <span class='ocrx_word' id='word_1_131' title='bbox 589 2037 656 2096; x_wconf 88' lang='lat' dir='ltr'>ideo</span> <span class='ocrx_word' id='word_1_132' title='bbox 678 2038 728 2095; x_wconf 92' lang='lat' dir='ltr'>tibi</span> <span class='ocrx_word' id='word_1_133' title='bbox 749 2056 811 2095; x_wconf 92' lang='lat' dir='ltr'>non</span> <span class='ocrx_word' id='word_1_134' title='bbox 831 2039 904 2109; x_wconf 90' lang='lat' dir='ltr'>misi,</span> <span class='ocrx_word' id='word_1_135' title='bbox 927 2039 995 2115; x_wconf 89' lang='lat' dir='ltr'>quia</span> <span class='ocrx_word' id='word_1_136' title='bbox 1015 2048 1045 2097; x_wconf 91' lang='lat' dir='ltr'>et</span> <span class='ocrx_word' id='word_1_137' title='bbox 1064 2056 1172 2115; x_wconf 86' lang='lat' dir='ltr'>parum</span> 
     </span>
     <span class='ocr_line' id='line_1_18' title="bbox 170 2133 1172 2213; baseline 0.007 -24"><span class='ocrx_word' id='word_1_138' title='bbox 170 2133 323 2192; x_wconf 88' lang='lat' dir='ltr'>emendata</span> <span class='ocrx_word' id='word_1_139' title='bbox 346 2144 374 2192; x_wconf 93' lang='lat' dir='ltr'>et</span> <span class='ocrx_word' id='word_1_140' title='bbox 398 2135 542 2211; x_wconf 88' lang='lat' dir='ltr'>quaedam</span> <span class='ocrx_word' id='word_1_141' title='bbox 564 2154 626 2194; x_wconf 91' lang='lat' dir='ltr'>non</span> <span class='ocrx_word' id='word_1_142' title='bbox 648 2145 743 2195; x_wconf 88' lang='lat' dir='ltr'>certae</span> <span class='ocrx_word' id='word_1_143' title='bbox 764 2136 831 2194; x_wconf 87' lang='lat' dir='ltr'>fidei</span> <span class='ocrx_word' id='word_1_144' title='bbox 851 2136 1029 2210; x_wconf 89' lang='lat' dir='ltr'>videbantur,</span> <span class='ocrx_word' id='word_1_145' title='bbox 1050 2146 1079 2195; x_wconf 90' lang='lat' dir='ltr'>et</span> <span class='ocrx_word' id='word_1_146' title='bbox 1101 2137 1172 2213; x_wconf 91' lang='lat' dir='ltr'>quia</span> 
     </span>
     <span class='ocr_line' id='line_1_19' title="bbox 169 2233 940 2295; baseline 0.006 -8"><span class='ocrx_word' id='word_1_147' title='bbox 169 2248 236 2288; x_wconf 90' lang='lat' dir='ltr'>vera</span> <span class='ocrx_word' id='word_1_148' title='bbox 251 2241 278 2289; x_wconf 90' lang='lat' dir='ltr'>et</span> <span class='ocrx_word' id='word_1_149' title='bbox 293 2233 447 2292; x_wconf 87' lang='lat' dir='ltr'>emendata</span> <span class='ocrx_word' id='word_1_150' title='bbox 460 2234 490 2292; x_wconf 91' lang='lat' dir='ltr'>in</span> <span class='ocrx_word' id='word_1_151' title='bbox 505 2235 615 2294; x_wconf 89' lang='lat' dir='ltr'>scriniis</span> <span class='ocrx_word' id='word_1_152' title='bbox 629 2236 685 2294; x_wconf 90' lang='lat' dir='ltr'>tuis</span> <span class='ocrx_word' id='word_1_153' title='bbox 699 2253 763 2295; x_wconf 89' lang='lat' dir='ltr'>esse</span> <span class='ocrx_word' id='word_1_154' title='bbox 778 2235 940 2294; x_wconf 89' lang='lat' dir='ltr'>credebam.</span> 
     </span>
    </p>
   </div>
   <div class='ocr_carea' id='block_1_6' title="bbox 431 2486 821 2609">
    <p class='ocr_par' dir='ltr' id='par_1_6' title="bbox 431 2486 821 2609">
     <span class='ocr_line' id='line_1_20' title="bbox 431 2486 821 2609; baseline 0 -65"><span class='ocrx_word' id='word_1_155' title='bbox 431 2488 497 2609; x_wconf 56' lang='lat' dir='ltr'>i</span> <span class='ocrx_word' id='word_1_156' title='bbox 517 2491 570 2544; x_wconf 81' lang='lat' dir='ltr'>aa.</span> <span class='ocrx_word' id='word_1_157' title='bbox 613 2486 737 2567; x_wconf 73' lang='lat' dir='ltr'>(Tuli.</span> <span class='ocrx_word' id='word_1_158' title='bbox 761 2487 821 2566; x_wconf 85' lang='grc'>66.)</span> 
     </span>
    </p>
   </div>
   <div class='ocr_carea' id='block_1_7' title="bbox 168 2623 1173 2840">
    <p class='ocr_par' dir='ltr' id='par_1_7' title="bbox 168 2623 1173 2840">
     <span class='ocr_line' id='line_1_21' title="bbox 200 2623 1172 2691; baseline 0.005 -19"><span class='ocrx_word' id='word_1_159' title='bbox 200 2623 292 2687; x_wconf 85' lang='lat' dir='ltr'>Trajan</span> <span class='ocrx_word' id='word_1_160' title='bbox 303 2639 348 2672; x_wconf 88' lang='lat' dir='ltr'>can</span> <span class='ocrx_word' id='word_1_161' title='bbox 359 2623 411 2672; x_wconf 90' lang='lat' dir='ltr'>find</span> <span class='ocrx_word' id='word_1_162' title='bbox 422 2640 455 2673; x_wconf 91' lang='lat' dir='ltr'>no</span> <span class='ocrx_word' id='word_1_163' title='bbox 467 2625 565 2688; x_wconf 85' lang='lat' dir='ltr'>general</span> <span class='ocrx_word' id='word_1_164' title='bbox 577 2625 679 2690; x_wconf 89' lang='lat' dir='ltr'>rescript</span> <span class='ocrx_word' id='word_1_165' title='bbox 691 2627 721 2676; x_wconf 90' lang='lat' dir='ltr'>of</span> <span class='ocrx_word' id='word_1_166' title='bbox 733 2627 772 2676; x_wconf 92' lang='lat' dir='ltr'>his</span> <span class='ocrx_word' id='word_1_167' title='bbox 784 2626 953 2691; x_wconf 87' lang='lat' dir='ltr'>predecessors</span> <span class='ocrx_word' id='word_1_168' title='bbox 968 2642 1001 2676; x_wconf 88' lang='lat' dir='ltr'>on</span> <span class='ocrx_word' id='word_1_169' title='bbox 1016 2627 1059 2675; x_wconf 91' lang='lat' dir='ltr'>the</span> <span class='ocrx_word' id='word_1_170' title='bbox 1074 2625 1172 2689; x_wconf 86' lang='lat' dir='ltr'>subject</span> 
     </span>
     <span class='ocr_line' id='line_1_22' title="bbox 168 2706 1173 2772; baseline 0.004 -18"><span class='ocrx_word' id='word_1_171' title='bbox 168 2706 199 2754; x_wconf 90' lang='lat' dir='ltr'>of</span> <span class='ocrx_word' id='word_1_172' title='bbox 211 2706 253 2755; x_wconf 91' lang='lat' dir='ltr'>the</span> <span class='ocrx_word' id='word_1_173' title='bbox 264 2707 393 2772; x_wconf 87' lang='lat' dir='ltr'>foregoing</span> <span class='ocrx_word' id='word_1_174' title='bbox 409 2707 496 2768; x_wconf 88' lang='lat' dir='ltr'>letter;</span> <span class='ocrx_word' id='word_1_175' title='bbox 512 2708 559 2757; x_wconf 87' lang='lat' dir='ltr'>but</span> <span class='ocrx_word' id='word_1_176' title='bbox 569 2707 671 2758; x_wconf 87' lang='lat' dir='ltr'>himself</span> <span class='ocrx_word' id='word_1_177' title='bbox 683 2709 781 2758; x_wconf 89' lang='lat' dir='ltr'>decides</span> <span class='ocrx_word' id='word_1_178' title='bbox 794 2709 820 2758; x_wconf 92' lang='lat' dir='ltr'>in</span> <span class='ocrx_word' id='word_1_179' title='bbox 836 2708 923 2759; x_wconf 78' lang='lat' dir='ltr'>favour</span> <span class='ocrx_word' id='word_1_180' title='bbox 938 2708 968 2758; x_wconf 91' lang='lat' dir='ltr'>of</span> <span class='ocrx_word' id='word_1_181' title='bbox 980 2709 1023 2758; x_wconf 85' lang='lat' dir='ltr'>the</span> <span class='ocrx_word' id='word_1_182' title='bbox 1038 2708 1173 2759; x_wconf 85' lang='lat' dir='ltr'>children’s</span> 
     </span>
     <span class='ocr_line' id='line_1_23' title="bbox 168 2788 285 2840; baseline 0.026 -3"><span class='ocrx_word' id='word_1_183' title='bbox 168 2788 285 2840; x_wconf 88' lang='lat' dir='ltr'>freedom.</span> 
     </span>
    </p>
   </div>
   <div class='ocr_carea' id='block_1_8' title="bbox 532 2909 800 2952">
    <p class='ocr_par' dir='ltr' id='par_1_8' title="bbox 532 2909 800 2952">
     <span class='ocr_line' id='line_1_24' title="bbox 532 2909 800 2952; baseline 0 -2"><span class='ocrx_word' id='word_1_184' title='bbox 532 2909 676 2951; x_wconf 80' lang='lat' dir='ltr'>TRAIANUS</span> <span class='ocrx_word' id='word_1_185' title='bbox 696 2911 800 2952; x_wconf 86' lang='lat' dir='ltr'><strong>PLINIO.</strong></span> 
     </span>
    </p>
   </div>
   <div class='ocr_carea' id='block_1_9' title="bbox 167 3033 1201 3706">
    <p class='ocr_par' dir='ltr' id='par_1_9' title="bbox 167 3033 1201 3604">
     <span class='ocr_line' id='line_1_25' title="bbox 211 3033 1170 3112; baseline 0.004 -20"><span class='ocrx_word' id='word_1_186' title='bbox 211 3034 353 3106; x_wconf 87' lang='lat' dir='ltr'>Quaestio</span> <span class='ocrx_word' id='word_1_187' title='bbox 367 3034 422 3094; x_wconf 90' lang='lat' dir='ltr'>ista</span> <span class='ocrx_word' id='word_1_188' title='bbox 436 3053 510 3111; x_wconf 88' lang='lat' dir='ltr'>quae</span> <span class='ocrx_word' id='word_1_189' title='bbox 529 3035 653 3112; x_wconf 87' lang='lat' dir='ltr'>pertinet</span> <span class='ocrx_word' id='word_1_190' title='bbox 672 3033 710 3093; x_wconf 93' lang='lat' dir='ltr'>ad</span> <span class='ocrx_word' id='word_1_191' title='bbox 724 3053 777 3094; x_wconf 90' lang='lat' dir='ltr'>eos</span> <span class='ocrx_word' id='word_1_192' title='bbox 796 3036 845 3112; x_wconf 90' lang='lat' dir='ltr'>qui</span> <span class='ocrx_word' id='word_1_193' title='bbox 864 3035 945 3094; x_wconf 89' lang='lat' dir='ltr'>liberi</span> <span class='ocrx_word' id='word_1_194' title='bbox 959 3037 1019 3095; x_wconf 89' lang='lat' dir='ltr'>nati</span> <span class='ocrx_word' id='word_1_195' title='bbox 1034 3039 1170 3112; x_wconf 85' lang='lat' dir='ltr'>expositi,</span> 
     </span>
     <span class='ocr_line' id='line_1_26' title="bbox 167 3133 1172 3213; baseline 0.004 -21"><span class='ocrx_word' id='word_1_196' title='bbox 167 3133 273 3193; x_wconf 90' lang='lat' dir='ltr'>deinde</span> <span class='ocrx_word' id='word_1_197' title='bbox 287 3135 390 3194; x_wconf 86' lang='lat' dir='ltr'>sublati</span> <span class='ocrx_word' id='word_1_198' title='bbox 404 3155 422 3194; x_wconf 89' lang='lat' dir='ltr'>a</span> <span class='ocrx_word' id='word_1_199' title='bbox 436 3134 610 3212; x_wconf 90' lang='lat' dir='ltr'>quibusdam</span> <span class='ocrx_word' id='word_1_200' title='bbox 624 3134 697 3192; x_wconf 87' lang='lat' dir='ltr'>etin</span> <span class='ocrx_word' id='word_1_201' title='bbox 717 3135 850 3193; x_wconf 89' lang='lat' dir='ltr'>servitute</span> <span class='ocrx_word' id='word_1_202' title='bbox 870 3135 984 3193; x_wconf 90' lang='lat' dir='ltr'>educati</span> <span class='ocrx_word' id='word_1_203' title='bbox 999 3144 1065 3194; x_wconf 90' lang='lat' dir='ltr'>sunt</span> <span class='ocrx_word' id='word_1_204' title='bbox 1079 3154 1172 3213; x_wconf 89' lang='lat' dir='ltr'>saepe</span> 
     </span>
     <span class='ocr_line' id='line_1_27' title="bbox 167 3234 1171 3311; baseline 0.002 -19"><span class='ocrx_word' id='word_1_205' title='bbox 167 3244 287 3293; x_wconf 87' lang='lat' dir='ltr'>tractata</span> <span class='ocrx_word' id='word_1_206' title='bbox 301 3245 351 3305; x_wconf 92' lang='lat' dir='ltr'>est,</span> <span class='ocrx_word' id='word_1_207' title='bbox 367 3252 422 3292; x_wconf 91' lang='lat' dir='ltr'>nec</span> <span class='ocrx_word' id='word_1_208' title='bbox 442 3235 598 3311; x_wconf 89' lang='lat' dir='ltr'>quicquam</span> <span class='ocrx_word' id='word_1_209' title='bbox 617 3234 760 3292; x_wconf 89' lang='lat' dir='ltr'>invenitur</span> <span class='ocrx_word' id='word_1_210' title='bbox 780 3235 811 3291; x_wconf 91' lang='lat' dir='ltr'>in</span> <span class='ocrx_word' id='word_1_211' title='bbox 832 3235 1048 3294; x_wconf 90' lang='lat' dir='ltr'>commentariis</span> <span class='ocrx_word' id='word_1_212' title='bbox 1065 3253 1171 3294; x_wconf 90' lang='lat' dir='ltr'>eorum</span> 
     </span>
     <span class='ocr_line' id='line_1_28' title="bbox 167 3332 1171 3410; baseline 0.003 -20"><span class='ocrx_word' id='word_1_213' title='bbox 167 3332 332 3409; x_wconf 91' lang='lat' dir='ltr'>principum</span> <span class='ocrx_word' id='word_1_214' title='bbox 351 3332 401 3408; x_wconf 93' lang='lat' dir='ltr'>qui</span> <span class='ocrx_word' id='word_1_215' title='bbox 421 3340 488 3390; x_wconf 88' lang='lat' dir='ltr'>ante</span> <span class='ocrx_word' id='word_1_216' title='bbox 509 3351 557 3391; x_wconf 86' lang='lat' dir='ltr'>me</span> <span class='ocrx_word' id='word_1_217' title='bbox 576 3333 699 3402; x_wconf 90' lang='lat' dir='ltr'>fuerunt,</span> <span class='ocrx_word' id='word_1_218' title='bbox 714 3332 794 3408; x_wconf 91' lang='lat' dir='ltr'>quod</span> <span class='ocrx_word' id='word_1_219' title='bbox 815 3333 853 3390; x_wconf 87' lang='lat' dir='ltr'>ad</span> <span class='ocrx_word' id='word_1_220' title='bbox 876 3350 981 3392; x_wconf 91' lang='lat' dir='ltr'>omnes</span> <span class='ocrx_word' id='word_1_221' title='bbox 1003 3333 1171 3410; x_wconf 90' lang='lat' dir='ltr'>provincias</span> 
     </span>
     <span class='ocr_line' id='line_1_29' title="bbox 167 3429 1201 3506; baseline 0.003 -18"><span class='ocrx_word' id='word_1_222' title='bbox 167 3432 204 3488; x_wconf 90' lang='lat' dir='ltr'>sit</span> <span class='ocrx_word' id='word_1_223' title='bbox 223 3431 420 3490; x_wconf 90' lang='lat' dir='ltr'>constitutum.</span> <span class='ocrx_word' id='word_1_224' title='bbox 461 3429 610 3506; x_wconf 88' lang='lat' dir='ltr'>Epistulae</span> <span class='ocrx_word' id='word_1_225' title='bbox 629 3449 701 3489; x_wconf 89' lang='lat' dir='ltr'>sane</span> <span class='ocrx_word' id='word_1_226' title='bbox 719 3439 785 3488; x_wconf 90' lang='lat' dir='ltr'>sunt</span> <span class='ocrx_word' id='word_1_227' title='bbox 799 3429 959 3489; x_wconf 90' lang='lat' dir='ltr'>Domitiani</span> <span class='ocrx_word' id='word_1_228' title='bbox 978 3432 1016 3490; x_wconf 90' lang='lat' dir='ltr'>ad</span> <span class='ocrx_word' id='word_1_229' title='bbox 1029 3433 1169 3492; x_wconf 90' lang='lat' dir='ltr'>Avidium</span> <span class='ocrx_word' id='word_1_230' title='bbox 1184 3457 1201 3506; x_wconf 89' lang='lat'>5</span> 
     </span>
     <span class='ocr_line' id='line_1_30' title="bbox 167 3528 1171 3604; baseline 0.006 -18"><span class='ocrx_word' id='word_1_231' title='bbox 167 3528 323 3602; x_wconf 84' lang='lat' dir='ltr'>Nigrinum</span> <span class='ocrx_word' id='word_1_232' title='bbox 345 3540 373 3588; x_wconf 90' lang='lat' dir='ltr'>et</span> <span class='ocrx_word' id='word_1_233' title='bbox 395 3529 568 3586; x_wconf 87' lang='lat' dir='ltr'>Armenium</span> <span class='ocrx_word' id='word_1_234' title='bbox 593 3528 767 3593; x_wconf 89' lang='lat' dir='ltr'>Brocchum,</span> <span class='ocrx_word' id='word_1_235' title='bbox 793 3546 867 3604; x_wconf 90' lang='lat' dir='ltr'>quae</span> <span class='ocrx_word' id='word_1_236' title='bbox 891 3529 1012 3589; x_wconf 90' lang='lat' dir='ltr'>fortasse</span> <span class='ocrx_word' id='word_1_237' title='bbox 1040 3529 1171 3594; x_wconf 91' lang='lat' dir='ltr'>debeant</span> 
     </span>
    </p>

    <p class='ocr_par' dir='ltr' id='par_1_10' title="bbox 188 3626 1169 3706">
     <span class='ocr_line' id='line_1_31' title="bbox 188 3626 1169 3706; baseline 0.006 -22"><span class='ocrx_word' id='word_1_238' title='bbox 188 3627 323 3698; x_wconf 76' lang='lat' dir='ltr'>bservari,</span> <span class='ocrx_word' id='word_1_239' title='bbox 338 3627 390 3685; x_wconf 91' lang='lat' dir='ltr'>sed</span> <span class='ocrx_word' id='word_1_240' title='bbox 408 3627 482 3685; x_wconf 87' lang='lat' dir='ltr'>inter</span> <span class='ocrx_word' id='word_1_241' title='bbox 501 3645 551 3685; x_wconf 89' lang='lat' dir='ltr'>eas</span> <span class='ocrx_word' id='word_1_242' title='bbox 564 3627 728 3704; x_wconf 87' lang='lat' dir='ltr'>provincias</span> <span class='ocrx_word' id='word_1_243' title='bbox 747 3626 783 3685; x_wconf 90' lang='lat' dir='ltr'>de</span> <span class='ocrx_word' id='word_1_244' title='bbox 800 3629 906 3705; x_wconf 91' lang='lat' dir='ltr'>quibus</span> <span class='ocrx_word' id='word_1_245' title='bbox 920 3629 1065 3706; x_wconf 90' lang='lat' dir='ltr'>rescripsit</span> <span class='ocrx_word' id='word_1_246' title='bbox 1079 3629 1169 3690; x_wconf 88' lang='lat' dir='ltr'>inter-</span> 
     </span>
    </p>
   </div>
   <div class='ocr_carea' id='block_1_10' title="bbox 0 0 1318 3976">
    <p class='ocr_par' dir='ltr' id='par_1_11' title="bbox 0 0 1318 3976">
     <span class='ocr_line' id='line_1_32' title="bbox 0 0 1318 3976; baseline 0 0"><span class='ocrx_word' id='word_1_247' title='bbox 0 0 1318 3976; x_wconf 95' lang='lat' dir='ltr'> </span> 
     </span>
    </p>
   </div>
  </div>
 </body>
</html>
