2636 3980
163 201 322 251 LETTERS
345 203 389 250 OE
412 204 441 252 C.
458 203 604 251 PLINIUS
628 204 813 254 CAECILIUS
834 207 1025 255 SECUNDUS.
1062 210 1105 274 49

112 364 167 421 sint
194 364 326 424 versiculi
355 365 459 442 quibus
487 365 609 442 gratiam
624 365 726 425 rettuli.
782 365 972 424 Remitterem
1007 376 1035 424 te
1071 366 1108 423 ad

111 463 207 538 ipsum
220 464 366 536 volumen,
382 465 437 523 nisi
457 466 603 540 quosdam
625 474 769 523 tenerem:
800 475 838 535 tu,
855 466 878 523 si
898 464 1056 542 placuerint
1070 463 1108 535 hi,

36 597 39 604 ·
112 572 224 621 ceteros
246 563 277 621 in
301 564 373 622 libro
399 565 536 640 requires.
556 605 559 614 ·
589 557 762 640 Adloquitur
786 563 914 636 Musam,
938 563 1058 622 mandat
1078 572 1109 620 ut

112 661 234 720 domum
248 681 344 721 meam
358 663 493 739 Esquiliis
508 673 635 741 quaerat,
651 663 734 722 adeat
748 673 925 722 reverenter:

274 779 333 839 Sed
354 799 392 838 ne
413 790 544 858 tempore
566 798 627 838 non
648 789 699 838 tuo
720 779 856 837 disertam

276 879 377 938 Pulses
398 880 478 938 ebria
495 880 614 938 ianuam
635 878 749 936 videto:

275 979 371 1038 Totos
393 980 442 1038 dat
463 980 579 1038 tetricae
601 977 663 1036 dies
685 977 842 1049 Minervae,

274 1077 354 1135 Dum
375 1090 492 1138 centum
510 1078 609 1144 studet
631 1077 747 1135 auribus
768 1078 895 1136 virorum

275 1175 343 1235 Hoc
365 1177 446 1254 quod
467 1177 581 1235 saecula
601 1177 766 1253 posterique
787 1177 901 1252 possint

275 1271 393 1348 Arpinis
414 1290 530 1349 quoque
552 1289 721 1348 comparare
743 1271 855 1329 chartis.

277 1368 362 1428 Seras
383 1371 470 1428 tutior
490 1371 545 1428 ibis
566 1370 604 1428 ad
625 1370 773 1429 lucernas:

178 1470 180 1477 '
276 1467 361 1526 Haec
382 1469 455 1527 hora
477 1471 520 1528 est
541 1478 598 1540 tua,
621 1487 688 1527 cum
709 1469 774 1526 furit
792 1469 917 1546 Lyaeus,

276 1567 352 1626 Cum
368 1578 469 1644 regnat
490 1586 563 1641 rosa,
586 1587 653 1627 cum
675 1570 794 1627 madent
815 1569 929 1645 capilli:

277 1665 363 1725 Tunc
385 1686 432 1725 me
452 1668 498 1726 vel
518 1668 603 1743 rigidi
623 1668 721 1743 legant
743 1666 880 1726 Catones.

74 1789 102 1839 25
114 1779 259 1840 Meritone
294 1801 361 1841 eum
390 1784 438 1860 qui
474 1783 546 1843 baec
577 1783 614 1841 de
642 1802 690 1842 me
723 1783 836 1859 scripsit
864 1792 893 1841 et
920 1792 988 1841 tunc
1018 1784 1113 1843 dimisi

113 1881 288 1940 amicissime
308 1891 337 1940 et
357 1901 436 1941 nunc
457 1892 488 1941 ut
510 1881 717 1941 amicissimum
739 1882 909 1941 defunctum
927 1901 991 1940 esse
1006 1883 1112 1942 doleo?

112 1979 203 2040 Dedit
217 1983 295 2042 enim
309 1983 379 2041 mihi
395 1993 536 2059 quantum
555 1984 716 2040 maximnm
734 1983 835 2059 potuit,
850 1983 967 2042 daturus
982 1983 1114 2060 amplius,

113 2079 138 2138 si
153 2081 301 2156 potuisset.
347 2081 478 2140 Tametsi
499 2082 569 2159 qnid
587 2081 700 2139 homini
721 2091 818 2158 potest
837 2082 899 2140 dari
918 2082 1011 2140 maius
1026 2100 1114 2158 quam

113 2179 207 2255 gloria
230 2189 259 2238 et
282 2181 344 2239 laus
369 2190 397 2238 et
422 2182 597 2240 aeternitas?
639 2183 766 2239 Arnon
790 2190 873 2239 erunt
898 2191 1015 2240 aeterna
1040 2199 1115 2258 qnae

72 2297 103 2346 30
113 2279 244 2355 scripsit:
278 2297 340 2336 non
369 2289 452 2337 erunt
475 2279 605 2351 sortasse,
631 2279 676 2338 ille
705 2291 803 2338 tamen
828 2281 941 2356 scripsit
965 2289 1114 2355 tamquam

113 2386 212 2436 essent
226 2377 328 2437 sunna.
370 2377 455 2436 Vale.

449 2628 501 2682 36.
543 2623 673 2704 (BOOK
696 2643 722 2696 4.
748 2620 787 2700 a.)

147 2766 259 2830 Regulus
271 2766 316 2815 has
328 2767 377 2815 lost
388 2767 427 2816 his
439 2784 491 2824 son,
502 2768 550 2817 and
563 2769 634 2832 Pliny
645 2769 768 2818 describes
783 2768 825 2818 the
836 2767 937 2824 funeral,
949 2768 1118 2832 commenting

208 2849 269 2898 with
281 2856 353 2913 great
364 2850 494 2900 bitterness
506 2867 539 2900 on
550 2852 593 2900 the
604 2852 705 2901 father's
716 2853 843 2901 character
854 2850 903 2900 and
915 2851 1028 2901 conduct¹

340 3003 365 3044 C·
388 3003 500 3044 PLINIUS
522 3004 610 3046 ΑΤΤΙΟ
631 3005 779 3046 CLEMENTI
800 3005 853 3046 SUO
874 3005 896 3045 S.

155 3131 288 3209 Regulus
303 3134 393 3193 filium
407 3136 511 3207 amisit,
526 3136 583 3194 hoc
597 3154 657 3194 uno
672 3137 750 3195 malo
765 3137 910 3213 indignus,
922 3135 1002 3213 quod
1016 3135 1116 3194 nescio

113 3250 153 3290 an
175 3231 286 3290 malum
307 3243 396 3308 putet.
439 3233 509 3292 Erat
527 3251 600 3309 puer
618 3235 693 3293 acris
711 3235 829 3311 ingenii,
845 3233 896 3294 sed
914 3234 1051 3310 ambigui,
1067 3233 1117 3309 qui

112 3341 215 3389 tamen
238 3340 339 3406 posset
357 3340 436 3390 recta
455 3333 567 3404 sectari,
589 3333 613 3390 si
634 3343 747 3408 patrem
768 3352 829 3391 non
850 3332 976 3393 referret.
1027 3331 1116 3388 Hunc

113 3427 249 3504 Regulus
263 3430 464 3504 emancipavit,
480 3439 512 3488 ut
526 3430 614 3489 heres·
624 3431 723 3490 matris
743 3432 876 3490 existeret
884 3451 892 3503 ;
918 3431 1117 3506 mancipatum

87 3527 168 3607 5(ita
182 3527 271 3603 vulgo
287 3547 323 3587 ex
338 3527 470 3587 moribus
484 3529 611 3588 hominis
630 3529 835 3610 loquebantur)
850 3529 937 3590 foeda
955 3538 984 3588 et
1003 3527 1119 3587 insolita

112 3626 285 3702 parentibus
309 3626 505 3705 indulgentiae
531 3629 714 3689 simulatione
739 3632 883 3708 captabat.
934 3628 1116 3696 Incredibile,

610 3747 629 3789 u
