2626 3976
178 103 218 164 88
450 114 472 162 A
497 114 694 163 sarncrrorv
713 113 818 163 rnorr
840 113 909 161 rrrn

423 310 567 430 κγἰο.
613 325 745 399 (soon
768 329 795 384 s.
820 321 861 403 2.)

211 456 283 519 Pliny
291 455 336 504 has
348 455 392 505 felt
404 454 513 519 obliged,
525 457 559 520 by
570 457 612 505 the
624 457 712 506 failure
723 457 752 505 of
761 457 802 506 the
814 473 882 522 crop,
894 464 921 506 to
933 457 1014 506 throw
1024 455 1089 505 back
1100 462 1128 504 to
1140 455 1185 503 the

178 539 322 603 purchasers
337 538 367 586 of
379 538 418 586 his
429 539 542 602 vintages
553 547 610 604 part
626 540 656 588 of
669 540 711 589 the
722 539 790 603 price
806 540 897 603 agreed
909 555 956 598 on;
973 539 1022 587 and
1039 538 1122 602 points
1138 545 1185 585 out

179 622 233 670 that
240 621 271 670 he
280 621 326 669 has
336 620 410 668 made
416 620 455 668 his
466 620 606 670 remissioris
617 637 649 670 on
661 621 750 670 ascale
762 622 949 686 proportionate
958 627 985 669 to
995 622 1037 670 the
1046 620 1093 668 size
1104 619 1135 667 of
1140 620 1185 668 the

177 705 277 754 various
289 703 412 767 bargains‚
424 702 472 752 and
484 710 510 752 at
522 703 564 753 the
576 719 643 753 same
656 704 772 754 timebas
784 704 939 768 encouraged
950 710 1050 768 prompt
1061 719 1156 766 payers

387 901 390 906 Ι
463 848 625 928 f.PL1N1US
644 849 776 890 cnuvrsro
796 849 850 890 suo
871 850 894 890 s¹

114 863 185 1038 a(
219 965 276 1022 Alii
297 965 327 1022 in
348 965 468 1041 praedia
489 981 541 1023 sua
561 964 793 1039 proficiscuntur,
812 974 844 1022 ut
865 964 1240 1077 lOfiHPlfitlssfesalefflzssfx

166 1073 370 1148 stanturqego,
389 1073 422 1121 ut
442 1063 610 1149 pauperior«
648 1062 847 1121 Vendideram
868 1055 1030 1123 vindemias
1052 1063 1184 1122 certatim

128 1137 407 1240 ‘ss'riegotiatoribus
428 1138 620 1219 errle‘iit'lousss·
643 1160 787 1220 Invitabat
807 1162 939 1238 pretium,
960 1172 990 1221 et
1010 1162 1091 1238 quod
1111 1171 1184 1218 tunc

179 1272 208 1320 et
243 1261 324 1338 quod
352 1260 413 1319 fore
441 1260 599 1321 videbatur.
649 1261 723 1338 Spes
752 1260 858 1320 fefellit.
908 1262 979 1320 Erat
1013 1260 1185 1338 expeditum

179 1361 315 1419 omnibus
335 1359 479 1418 remittere
500 1360 665 1436 aequaliter,
685 1358 819 1418 sednon
841 1361 909 1419 satis
930 1378 1064 1438 aequum.
1107 1358 1214 1423 Mihi5

179 1470 278 1517 autem
300 1460 449 1534 egregium
472 1459 503 1515 in
529 1460 629 1534 primis
651 1459 763 1517 videtur
783 1469 816 1518 ut
837 1459 907 1518 foris
927 1460 967 1518 ita
988 1459 1077 1529 domi,
1099 1459 1185 1516 utin

180 1559 295 1633 magnis
309 1559 348 1615 ita
362 1558 393 1614 in
411 1556 514 1632 parvis
528 1567 560 1615 ut
574 1559 604 1615 in
619 1557 719 1616 alienis
738 1558 778 1616 ita
796 1558 826 1615 in
841 1559 900 1617 suis
913 1559 1021 1634 agitare
1036 1559 1185 1618 iustitiam.
1290 1597 1291 1638 r

180 1657 260 1714 Nam
275 1658 299 1715 si
314 1656 393 1734 paria
412 1666 541 1730 peccata,
554 1673 640 1732 pares
660 1656 748 1714 etiam
777 1657 886 1715 laudes.
929 1656 1031 1734 ltaque
1045 1658 1185 1716 omnibus
1290 1659 1291 1722 l

180 1756 307 1831 quidem,
323 1775 361 1814 ne
383 1755 447 1831 quis
469 1755 539 1813 mihi
562 1772 623 1812 non
648 1754 774 1813 donatus
796 1757 894 1827 abiret,
915 1765 1027 1831 partem
1047 1765 1185 1814 octavam

179 1856 262 1930 pretii
277 1873 336 1932 quo
352 1857 416 1932 quis
438 1864 548 1915 emerat
567 1854 717 1926 concessi3
741 1854 846 1913 deinde
865 1854 900 1913 iis
919 1853 969 1930 qui
989 1854 1184 1930 amplissimas
1201 1874 1231 1907 10

179 1972 309 2012 summas
321 1955 517 2029 emptionibus
529 1963 743 2030 occupaverant
759 1954 914 2028 separatim
929 1953 1070 2012 consului.
1102 1953 1185 2013 Nam
1290 1989 1291 2022 3

180 2063 208 2110 et
222 2071 270 2110 me
284 2053 378 2127 magis
392 2053 523 2112 iuverant
537 2063 565 2112 et
578 2053 672 2110 maius
686 2052 741 2127 ipsi
756 2052 884 2110 fecerant
898 2053 1047 2111 damnum.
1090 2053 1185 2130 Igitur

179 2150 213 2207 iis
229 2151 277 2224 qui
291 2149 380 2224 pluris
395 2169 483 2226 quarn
498 2151 601 2210 decern
621 2150 736 2208 milibus
754 2160 886 2209 emerant
904 2152 942 2210 ad
955 2151 1033 2210 illam
1048 2171 1184 2210 commu·
1215 2173 1219 2178 ·

178 2266 249 2306 nem
262 2258 291 2306 et
305 2249 387 2323 quasi
406 2251 552 2324 publicam
572 2258 705 2307 octavam
724 2249 823 2307 addidi
844 2249 999 2308 decumam
1020 2253 1082 2310 eius
1101 2271 1184 2311 surn-

178 2365 254 2418 mae,
282 2365 341 2423 qua
368 2346 471 2406 decern
498 2349 577 2406 milia
608 2355 802 2405 excesserant.
858 2347 971 2406 Vereor
1005 2368 1043 2407 ne
1077 2369 1184 2427 parum
1200 2379 1228 2428 15

178 2447 391 2522 expresserim3
438 2448 565 2523 apertius
600 2445 728 2504 calculos
763 2446 927 2505 ostendam.
990 2447 1072 2524 Siqui
1106 2448 1183 2509 forte

178 2543 344 2620 quindecim
359 2545 474 2604 milibus
489 2554 628 2615 emerant,
642 2545 672 2602 hi
688 2555 716 2602 et
736 2545 903 2620 quindecim
921 2547 1033 2604 milium
1046 2557 1183 2607 octavam

178 2653 207 2700 et
241 2644 369 2719 quinque
404 2644 515 2702 milium
550 2643 695 2702 decimam
729 2643 862 2702 tulerunt.
915 2644 1076 2717 Praeterea,
1112 2665 1182 2705 cum

176 2751 342 2816 reputarem
356 2743 501 2818 quosdam
521 2761 557 2800 ex
576 2743 674 2800 debito
694 2743 881 2818 aliquantum,
898 2744 1042 2820 quosdam
1062 2745 1182 2821 aliquid,

177 2840 322 2914 quosdam
356 2842 427 2900 nihil
460 2842 635 2918 reposuisse,
664 2859 851 2917 nequaquam
879 2860 979 2900 verum
1013 2843 1180 2915 arbitrabar,
1198 2869 1228 2902 20

177 2956 253 3015 quos
274 2957 336 2997 non
357 2950 510 3017 aequasset
531 2941 604 3000 fides
625 2941 786 3010 solutionis
802 2940 857 2998 hos
878 2941 1057 3017 benignitate
1077 2943 1180 3000 remis-

176 3037 266 3096 sionis
295 3041 421 3114 aequari.
476 3040 589 3098 Rursus
613 3057 685 3116 ergo
708 3039 743 3097 iis
767 3039 817 3114 qui
843 3039 988 3097 solverant
1013 3041 1076 3099 eius
1098 3043 1181 3116 quod

176 3137 320 3195 solverant
343 3138 486 3196 decimam
510 3138 617 3197 remisi.
668 3137 723 3197 Per
743 3139 801 3196 hoc
824 3139 902 3197 enim
927 3139 1074 3215 aptissime
1097 3143 1180 3200 etin

174 3236 360 3311 praeteritum
375 3237 495 3311 singulis
514 3255 569 3312 pro
591 3237 731 3313 cuiusque
753 3239 856 3297 merito
871 3239 964 3313 gratia
978 3238 1085 3310 referri,
1099 3249 1129 3298 et
1148 3242 1180 3300 in

173 3333 301 3393 futurum
315 3353 420 3392 omnes
435 3353 503 3392 cum
519 3336 557 3393 ad
576 3335 734 3393 emendum
753 3345 815 3392 turn
838 3337 925 3394 etiam
947 3337 984 3395 ad
1006 3337 1179 3396 solvendum
1196 3361 1227 3410 25
1290 3321 1291 3330 ἵ

174 3432 248 3491 allici
269 3433 447 3492 videbantur.
491 3432 604 3508 Magno
625 3432 697 3492 mihi
719 3451 771 3491 seu
791 3435 863 3492 ratio
887 3435 960 3494 haec
983 3454 1035 3495 seu
1056 3436 1179 3496 facilitas

173 3531 258 3602 stetit,
273 3533 325 3593 sed
339 3531 392 3590 fuit
405 3531 484 3590 tanti.
525 3530 604 3590 Nam
618 3532 738 3608 regione
752 3539 813 3590 tota
826 3542 855 3591 et
868 3534 981 3594 novitas
994 3535 1177 3594 remissionis
