2636 3980
209 195 250 263 32
479 189 502 237 a
528 190 724 239 snracrrou
743 189 845 238 anon
868 188 937 237 rur

210 348 249 409 Et
276 349 393 409 Aurelia
420 351 538 427 quidem
560 351 635 424 vivit,
663 351 709 410 ille
737 361 835 410 tamen
862 350 939 409 istud
966 359 1115 425 tamquam
1142 363 1205 405 mo·

209 451 328 508 rituram
353 451 457 527 coe'git,
479 459 508 509 et
532 450 580 510 hic
605 450 786 521 hereditates,
809 449 855 509 hic
878 448 981 524 legata,
1007 448 1089 526 quasi
1113 464 1205 504 mere-

211 558 282 619 atur,
305 550 417 626 accipit.
451 550 536 606 Ἀλλὰ
556 551 582 606 τί
602 553 754 621 amrelmum
772 551 802 608 in
823 568 858 608 ea
879 549 1048 619 civitatem
1069 564 1127 624 qua
1147 545 1206 603 iam

210 647 322 726 pridem
343 667 404 707 non
421 649 534 708 minora
555 651 691 726 praemia,
707 651 798 708 immo
819 649 938 719 maiora,
957 645 1084 724 nequitia
1105 654 1134 704 et
1153 645 1206 701 im·

211 748 339 823 probitas
364 765 452 824 quam
476 748 572 824 pudor
593 757 620 806 et
641 750 728 808 virtus
750 747 879 806 habenti
922 746 1029 822 Aspice
1051 743 1204 818 Regulum,
1219 758 1254 808 40

212 846 261 921 qui
276 864 312 904 ex
326 864 454 923 paupere
469 856 497 904 et
512 847 592 904 tenui
613 848 650 906 ad
669 856 764 906 tantas
781 865 855 924 opes
869 865 921 924 per
934 845 1043 921 flagitia
1057 841 1206 922 processit,

211 953 243 1002 ut
263 945 326 1020 ipse
347 944 417 1002 mihi
439 945 548 1017 dixerit,
570 965 638 1006 cum
659 947 830 1017 consuleret,
853 964 942 1022 quam
964 944 1021 1003 cito
1047 939 1207 1001 sestertium

212 1043 368 1102 sescenties
382 1043 540 1120 inpleturus
555 1055 639 1116 esset,
655 1045 797 1105 invenisse
818 1063 848 1103 se
868 1053 935 1102 exta
955 1041 1088 1118 duplicia,
1104 1038 1207 1116 quibus

211 1143 344 1219 portendi
358 1142 450 1202 milies
465 1152 493 1202 et
507 1142 656 1202 ducenties
671 1133 843 1202 habiturum.
874 1141 913 1200 Et
926 1141 1052 1211 habebit,
1068 1137 1091 1198 si
1105 1136 1206 1206 modo,

211 1249 243 1298 ut
259 1241 366 1317 coepit,
383 1241 477 1300 aliena
498 1250 677 1314 testamenta,
698 1242 777 1319 quod
797 1248 841 1301 est
858 1239 1095 1316 inprobissimum
1113 1252 1207 1312 genus
1221 1249 1253 1299 45

212 1339 282 1412 salsi,
299 1341 369 1419 ipsis
383 1359 508 1419 quorum
522 1351 590 1401 sunt
603 1341 652 1401 illa
666 1343 822 1404 dictaverit.
863 1340 946 1400 Vale.

543 1565 596 1620 24.
639 1559 767 1638 (BOOK
793 1577 820 1636 3.
845 1555 883 1638 r.)
931 1572 963 1586 ⁴

214 1686 285 1752 Pliny
296 1685 417 1737 describes
427 1688 488 1738 with
504 1686 651 1740 admiration
667 1691 709 1741 the
723 1691 825 1741 method
841 1691 888 1740 and
904 1689 1043 1741 retinement
1055 1689 1115 1738 with
1127 1687 1208 1737 which

408 1770 530 1836 Spurinna
541 1772 651 1838 disposes
664 1774 705 1824 the
716 1775 804 1824 leisure
815 1774 890 1824 olbis
902 1774 946 1823 old
956 1790 1010 1837 age.
1072 1782 1078 1791 “

496 1910 520 1952 C.
541 1910 654 1952 PLINIUS
674 1912 804 1955 CALVISIO
825 1912 879 1954 SUO
900 1912 922 1954 S.

254 2021 362 2083 Nescio
384 2044 422 2084 an
442 2026 532 2084 ullum
552 2026 704 2086 iucundius
724 2037 839 2106 tempus
861 2027 1016 2105 exegerim,
1038 2044 1127 2103 quarn
1147 2043 1206 2102 quo

213 2142 306 2200 nuper
320 2124 398 2200 apud
414 2123 589 2200 Spurinnam
603 2125 651 2198 lui,
667 2127 741 2188 adeo
758 2128 885 2205 quidem,
900 2137 931 2185 ut
948 2127 1096 2185 neminem
1113 2125 1208 2202 magis

213 2222 244 2280 in
264 2230 419 2293 senectute,
435 2223 459 2280 si
480 2223 571 2282 modo
593 2242 745 2285 senescere
766 2226 865 2284 datum
885 2235 938 2297 est,
953 2225 1091 2285 aemulari
1104 2224 1209 2282 velim:

213 2320 282 2380 nihil
304 2328 347 2379 est
367 2321 446 2379 enim
469 2319 519 2379 illo
540 2322 614 2382 vitae
638 2342 746 2399 genere
771 2324 940 2384 distinctius.
981 2323 1032 2382 Me
1057 2333 1152 2382 autem
1176 2331 1210 2380 ut

214 2431 307 2480 certus
330 2421 457 2480 siderum
481 2440 582 2480 cursus
604 2423 644 2481 ita
663 2425 720 2487 vita
741 2424 894 2483 hominum
916 2424 1054 2500 disposita
1076 2421 1239 2492 delectat,5

215 2539 318 2580 senum
342 2520 519 2597 praesertim.
561 2519 641 2580 Nam
663 2523 779 2582 iuvenes
802 2523 924 2582 confusa
945 2522 1040 2581 adhuc
1065 2520 1210 2597 quaedam

215 2630 243 2679 et
271 2619 352 2696 quasi
377 2621 490 2677 turbata
514 2638 575 2678 non
597 2620 748 2695 indecent;
781 2622 898 2681 senibus
923 2619 1038 2698 placida
1059 2619 1159 2677 omnia
1181 2627 1211 2677 et

215 2719 345 2777 ordinata
373 2718 556 2789 conveniunt,
581 2720 686 2795 quibus
709 2720 849 2779 industria
877 2738 947 2789 sera,
973 2718 1064 2794 turpis
1088 2717 1210 2776 ambitio

214 2825 266 2875 est.
319 2815 407 2875 Hanc
428 2817 559 2893 regulam
581 2817 726 2894 Spurinna
747 2818 981 2877 constantissime
1006 2825 1115 2886 servat;
1138 2815 1211 2892 quin

214 2917 301 2974 etiam
316 2933 404 2990 parva
417 2916 498 2988 haec,
514 2933 609 2993 parva,
625 2918 724 2976 sinon
743 2918 851 2977 cotidie
870 2918 949 2989 fiant,
963 2915 1063 2975 ordine
1078 2915 1211 2992 quodam
1229 2928 1270 2963 10·

214 3024 243 3074 et
264 3014 340 3073 velut
368 3014 438 3072 orbe
466 3015 640 3090 circumagit.
693 3015 783 3075 Mane
809 3015 915 3076 lectulo
943 3015 1111 3086 continetur,
1136 3014 1212 3073 hora

214 3113 343 3173 secunda
370 3112 483 3172 calceos
511 3113 613 3190 poscit,
642 3115 770 3174 ambulat
801 3115 880 3173 milia
907 3132 1046 3192 passuum
1073 3114 1126 3173 tria
1153 3131 1211 3172 nec

213 3212 310 3272 minus
338 3210 467 3269 animum
495 3229 583 3287 quam
611 3229 717 3288 corpus
744 3223 868 3272 exercet.
924 3212 955 3271 Si
982 3213 1086 3272 adsunt
1113 3212 1211 3283 amici,

214 3309 409 3372 honestissimi
441 3327 592 3370 sermones
621 3311 816 3387 explicantur;
847 3312 871 3371 si
899 3329 969 3384 non,
999 3311 1070 3370 liber
1097 3311 1210 3387 legitur,

213 3410 358 3470 interdum
379 3409 467 3467 etiam
488 3411 687 3486 praesentibus
707 3410 816 3482 amicis,
838 3411 862 3469 si
882 3419 980 3470 tamen
1000 3410 1040 3468 illi
1060 3428 1121 3468 non
1142 3423 1259 3486 gra-15

213 3519 323 3568 vantur.
365 3507 478 3566 Deinde
507 3508 640 3581 considit,
665 3517 694 3569 et
721 3509 793 3568 liber
816 3528 914 3569 rursus
937 3520 986 3569 aut
1009 3527 1105 3569 sermo
1133 3509 1211 3569 libro

213 3608 325 3686 potior:
346 3625 417 3667 mox
430 3606 592 3666 vehiculum
612 3607 751 3681 ascendit,
769 3608 895 3668 adsumit
912 3625 1033 3668 uxorem
1055 3608 1211 3685 singularis
