2636 3980
165 195 324 245 LETTERS
347 198 391 244 ΟΡ
413 197 441 248 C.
457 197 603 244 PLINIUS
627 197 814 245 CAECILIUS
835 197 1025 244 SECUNDUS.
1071 182 1112 263 65

118 361 144 410 et
158 355 238 429 quasi
258 357 406 433 inscriptio
427 357 596 428 comoedus,
613 357 644 414 in
666 375 723 432 qua
742 357 897 432 plurimum
916 356 992 414 facit.
1035 355 1112 414 Nam

118 455 282 527 pronuntiat
301 455 410 526 acriter,
425 456 578 532 sapienter,
594 464 669 532 apte,
689 455 824 514 decenter
846 456 931 514 etiam
941 476 949 527 ;
980 456 1066 514 utitur
1084 465 1113 514 et

78 551 222 611 rocithara
235 554 335 628 perite,
349 555 422 612 ultra
440 572 528 630 quam
548 554 693 612 comoedo
713 572 833 614 necesse
856 563 906 613 est
949 554 1032 612 ldem
1053 565 1113 612 tam

116 651 269 709 commode
298 653 442 711 orationes
470 663 499 711 et
526 651 658 711 historias
687 661 716 710 et
744 653 872 710 carmina
896 653 972 729 legit,
999 662 1031 710 ut
1054 651 1112 711 hoc

116 749 208 807 solum
233 751 366 810 didicisse
395 752 531 810 videatur.
582 751 667 810 Haec
691 751 742 808 tibi
770 751 871 809 sedulo
896 752 1027 827 exposui,
1052 769 1112 826 quo

115 849 206 923 magis
221 851 309 908 scires
324 869 411 926 quam
425 850 515 908 multa
528 868 604 908 unus
624 850 694 907 mihi
714 859 743 908 et
764 867 853 924 quam
871 849 998 908 iucunda
1012 850 1111 907 minis·

115 947 184 1004 teria
203 958 368 1022 praestaret.
410 949 531 1007 Accedit
551 950 641 1025 longa
661 950 719 1006 iam
743 949 845 1007 caritas
865 948 1000 1020 hominis,
1022 967 1111 1024 quam

76 1067 104 1116 15
114 1046 177 1120 ipsa
190 1047 318 1121 pericula
332 1058 480 1106 auxerunt.
522 1046 574 1106 Est
589 1049 667 1106 enim
681 1048 721 1105 ita
735 1057 837 1105 natura
857 1056 1065 1123 comparatum,
1081 1057 1112 1105 ut

91 1171 93 1176 ·
115 1143 184 1202 nihil
198 1163 290 1223 aeque
304 1165 434 1204 amorem
448 1147 547 1204 incitet
564 1157 592 1205 et
612 1146 753 1206 accendat
773 1164 860 1222 quam
876 1145 993 1204 carendi
1007 1155 1111 1216 metus,

115 1261 202 1320 quem
223 1263 280 1320 ego
300 1263 354 1321 pro
375 1245 432 1304 hoc
453 1265 515 1304 non
538 1247 629 1305 semel
653 1247 756 1323 patior.
816 1244 894 1302 Nam
916 1254 982 1302 ante
1003 1245 1112 1321 aliquot

115 1359 217 1414 annos
253 1343 323 1402 dum
357 1345 467 1403 intente
502 1345 699 1422 instanterque
733 1345 910 1420 pronuntiat,
940 1345 1111 1418 sanguinem

114 1441 211 1500 reiecit
225 1452 311 1517 atque
331 1445 370 1502 ob
392 1445 449 1503 hoc
464 1445 494 1502 in
508 1445 676 1521 Aegyptum
695 1445 799 1502 missus
819 1463 836 1502 a
850 1462 897 1501 me
911 1453 979 1519 post
992 1441 1111 1518 longam

76 1559 105 1594 πο
114 1541 376 1615 peregrinationem
398 1543 584 1601 confirmatus
603 1542 685 1601 rediit
704 1561 812 1619 nuper;
843 1542 948 1600 deinde
970 1542 1040 1600 dum
1059 1560 1112 1617 per

115 1637 269 1697 continuos
295 1641 356 1698 dies
378 1642 464 1700 nimis
486 1642 607 1718 imperat
629 1642 702 1713 voci,
727 1643 829 1701 veteris
854 1641 1024 1699 infirmitatis
1051 1651 1111 1699 tus-

115 1736 204 1823 sicula
223 1736 388 1796 admonitus
403 1757 502 1798 rursus
521 1741 693 1814 sanguinem
712 1739 844 1800 reddidit.
886 1739 954 1811 Qua
973 1755 1112 1796 excausa

115 1836 254 1894 destinavi
288 1855 356 1895 cum
390 1839 503 1896 mittere
537 1839 567 1894 in
602 1838 720 1913 praedia
754 1848 811 1909 tua,
840 1856 914 1912 quae
949 1836 1027 1895 Foro
1056 1835 1111 1893 Iuli

113 1935 256 2010 possides.
297 1936 403 1994 Audivi
418 1937 496 1994 enim
510 1945 538 1994 te
558 1955 646 2013 saepe
664 1938 836 1995 referentem
856 1954 919 1994 esse
935 1936 975 1992 ibi
996 1944 1025 1992 et
1045 1940 1111 1992 ae'ra

73 2047 101 2096 25
113 2032 257 2092 salubrem
272 2043 301 2092 et
314 2035 358 2093 lac
374 2035 529 2094 eiusmodi
550 2037 745 2094 curationibus
765 2034 1109 2094 accommodatissimum.

113 2131 203 2207 Rogo
218 2151 289 2208 ergo
303 2133 412 2191 scribas
431 2133 487 2192 tuis
506 2143 537 2190 ut
558 2134 596 2191 illi
610 2134 684 2206 villa,
698 2142 729 2192 ut
745 2134 850 2192 domus
867 2142 972 2209 pateat,
987 2131 1112 2192 offerant

112 2232 201 2289 etiam
230 2233 393 2307 sumptibus
421 2231 491 2300 eiuS,
518 2232 612 2309 siquid
636 2250 710 2308 opus
735 2233 803 2305 erit3
836 2233 888 2290 erit
913 2243 1010 2290 autem
1035 2247 1111 2306 opus

111 2329 240 2388 modico,
282 2329 336 2387 Est
354 2331 432 2387 enim
451 2339 511 2387 tam
529 2349 633 2406 parcus
655 2341 683 2389 et
704 2333 867 2402 continens,
881 2342 913 2388 ut
932 2349 994 2388 non
1015 2331 1110 2388 solum

112 2428 229 2486 delicias
248 2446 347 2486 verum
367 2429 452 2487 etiam
474 2430 660 2487 necessitates
678 2430 848 2489 valetudinis
869 2429 1029 2505 frugalitate
1049 2445 1110 2485 res·

68 2528 227 2603 30tringat.
279 2526 345 2603 Ego
373 2529 567 2603 proficiscenti
594 2538 706 2586 tantum
734 2529 826 2586 viatici
855 2529 941 2598 dab0,
969 2536 1109 2603 quantum

111 2625 232 2684 sufficiat
246 2627 325 2686 eunti
338 2627 369 2684 in
384 2635 440 2685 tua.
483 2626 564 2684 Vale.

431 2860 479 2912 ει.
522 2807 652 2932 <soon
674 2868 700 2927 5.
724 2852 785 2934 η.)

144 2982 217 3046 Pliny
227 2983 249 3032 is
259 2982 320 3046 glad
331 2990 358 3031 to
369 2983 429 3031 hear
441 2983 495 3032 that
507 2983 652 3032 Saturninus
663 2983 683 3032 is
695 2985 799 3049 waiting,
814 2984 853 3033 for
864 2985 903 3033 bis
915 2984 1003 3032 arrival
1015 2991 1042 3033 to
1053 2984 1109 3048 give

109 3083 126 3116 a
134 3066 327 3124 recitationum
338 3067 359 3114 is
368 3065 498 3114 distressed
510 3067 543 3128 by
551 3065 590 3115 his
604 3067 725 3130 reportes
732 3068 774 3117 the
784 3067 922 3132 dangerous
934 3068 1016 3116 illness
1026 3066 1055 3116 os
1063 3082 1109 3116 one

109 3147 197 3209 friend,
210 3147 259 3197 and
271 3147 312 3198 the
324 3153 462 3212 premature
473 3148 548 3197 death
561 3148 591 3198 of
598 3149 708 3198 another.

383 3284 406 3325 C.
429 3283 541 3324 PLINIUS
559 3284 723 3326 SATURNINO
743 3285 797 3327 SUO
817 3286 838 3326 S.

150 3399 239 3458 Varie
267 3417 315 3457 me
343 3397 511 3456 adfecerunt
539 3397 648 3456 litterae
675 3408 748 3458 tuae.
797 3398 875 3458 Nam
903 3400 1006 3475 partim
1034 3396 1109 3454 laeta

107 3499 216 3574 partim
240 3498 330 3556 tristia
358 3497 565 3558 continebant:
596 3498 682 3569 laeta,
707 3498 787 3575 quod
811 3508 839 3556 te
867 3499 897 3555 in
921 3497 993 3554 urbe
1018 3497 1108 3554 teneri

107 3597 299 3669 nuntiabant;
323 3595 467 3654 ‘nollem'
483 3597 588 3674 inquis,
604 3597 656 3655 sed
675 3615 731 3676 ego
751 3597 837 3657 volo:
859 3609 1009 3674 praeterea
1028 3595 1109 3673 quod

601 3715 619 3755 r
