2636 3980
201 150 361 201 LETTERS
385 152 429 213 OF
451 152 479 204 U.
495 153 642 200 PLINIUS
665 151 851 200 CAECILIUS
872 148 1062 200 SECUNDUS.
1096 147 1136 217 15

138 312 208 382 cavi,
237 311 401 388 frequenter
429 312 460 369 in
492 311 614 371 consilio
650 311 707 370 fui:
748 310 826 370 aliud
860 311 931 370 alios
966 319 1073 382 movet,
1102 328 1137 368 ac

113 473 116 479 f
137 411 308 486 plerumque
329 428 434 486 parvae
455 428 500 467 res
521 411 664 469 maximas
683 410 807 468 trahunt.
849 409 937 466 Varia
956 420 1023 468 sunt
1044 409 1137 466 homi-

139 527 210 567 num
224 509 348 579 iudicia,
373 509 467 566 variae
491 509 669 567 voluntates:
702 509 770 566 inde
796 509 845 584 qui
870 508 994 566 eandem
1019 527 1137 566 causam

139 607 224 666 simul
253 607 411 678 audierunt,
438 625 525 683 saepe
551 608 703 678 diversum,
731 608 876 665 interdum
904 607 990 680 idem,
1020 608 1072 666 sed
1101 626 1138 664 ex
1166 671 1168 677 Α

99 717 126 766 55
140 706 258 764 diversis
287 707 375 764 animi
403 706 531 764 motibus
560 707 695 764 sentiunt.
744 705 895 764 Praeterea
923 724 992 764 suae
1017 706 1139 782 quisque

139 805 298 864 inventioni
323 804 399 863 favet
423 815 452 862 et
476 805 558 882 quasi
585 805 773 863 fortissimum
798 803 986 880 amplectitur,
1009 823 1076 862 cum
1102 807 1157 882 ab¹

141 903 198 961 alio
214 902 324 961 dietum
339 902 478 978 estquod
498 903 559 978 ipse
574 903 720 978 praevidit.
764 901 909 960 Omnibus
924 921 994 978 ergo
1010 902 1139 962 dandum

143 1011 185 1059 est
204 1000 311 1076 aliquid
331 1000 411 1075 quod
430 1010 557 1074 teneant,
572 1000 652 1078 quod
672 1010 842 1077 agnoscant.
883 999 965 1058 Dixit
983 1001 1140 1078 aliquando

143 1099 212 1157 mihi
234 1099 373 1175 Regulus,
396 1117 462 1158 eum
485 1100 570 1158 simul
591 1100 769 1170 adessemus
790 1103 838 1156 ‘tu
859 1101 957 1157 omnia
979 1119 1053 1176 quae
1075 1112 1142 1160 sunt

99 1202 131 1252 60
143 1197 173 1255 in
194 1216 282 1259 causa
303 1206 387 1274 putas
408 1197 588 1274 exequenda,
607 1216 663 1272 ego
684 1197 814 1272 iugulum
835 1198 931 1255 statim
949 1198 1043 1272 video,
1062 1199 1140 1258 hunc

141 1294 274 1373 'premo:’
296 1298 401 1372 premit
418 1315 489 1354 sane
504 1295 583 1373 quod
600 1296 695 1372 elegit,
710 1295 761 1356 sed
778 1297 808 1353 in
826 1296 960 1372 eligendo
978 1296 1143 1375 frequenter

144 1404 226 1453 errat.
268 1393 422 1470 Respondi
451 1412 539 1471 posse
568 1395 629 1453 fieri
653 1405 684 1452 ut
709 1413 787 1472 genu
812 1404 889 1453 esset
913 1405 961 1455 aut
985 1396 1068 1470 taluS,
1092 1397 1142 1454 ubi

144 1493 190 1552 ille
210 1491 341 1570 iugulum
363 1503 493 1569 putaret:
523 1497 569 1551 ‘at
594 1492 663 1570 ego’
685 1493 813 1570 inquam,
836 1494 902 1570 ‘qui
927 1494 1055 1569 iugulum
1078 1514 1143 1571 per·

145 1593 256 1670 spicere
288 1610 349 1649 non
376 1603 512 1668 possum,
541 1593 641 1650 omnia
672 1602 845 1671 pertempto,
874 1594 974 1650 omnia
1002 1593 1142 1669 experior,

99 1697 130 1762 65
145 1695 228 1750 πάντα
248 1691 373 1768 denique
393 1691 467 1746 λίθον
487 1697 552 1762 κινῶ,
574 1700 663 1768 utque
688 1692 718 1749 in
742 1692 852 1751 cultura
877 1692 939 1768 agri
964 1709 1024 1750 non
1045 1691 1143 1750 vineas

146 1801 259 1849 tantum
285 1807 385 1848 verum
413 1789 500 1847 etiam
528 1791 651 1860 arbusta,
681 1808 736 1847 nec
765 1792 880 1848 arbusta
907 1800 1020 1848 tantum
1045 1808 1145 1848 verum

147 1890 233 1948 etiam
256 1898 376 1970 eampqs
399 1906 469 1948 curo
491 1896 520 1946 et
540 1907 671 1958 exerce0,
693 1897 782 1964 utque
803 1889 833 1946 in
858 1889 928 1964 ipsis
950 1889 1061 1964 campis
1083 1905 1145 1945 non

146 1988 191 2046 sar
218 1996 267 2045 aut
297 1987 439 2062 siliginem
471 1985 564 2044 solam
597 1985 648 2044 sed
680 1985 832 2058 hordeum,
863 1985 961 2045 fabam
991 1998 1144 2062 ceteraque

147 2086 295 2163 legumina
326 2102 399 2155 sero,
429 2084 470 2142 sic
501 2084 531 2141 in
560 2067 675 2142 actione
703 2083 785 2160 plura
814 2084 896 2160 quasi
924 2084 1036 2142 semina
1063 2083 1147 2142 latius

103 2205 136 2256 70
148 2202 264 2261 spargo,
287 2192 318 2240 ut
338 2201 412 2258 quae
434 2183 618 2258 provenerint
639 2181 781 2258 colligam.
825 2181 929 2258 Neque
950 2183 1027 2239 enim
1051 2184 1147 2241 minus

149 2283 342 2359 inperspicua,
369 2282 486 2351 incerta,
516 2279 628 2340 fallacia
657 2290 724 2339 sunt
750 2282 883 2362 'iudicum
914 2281 1032 2356 ingenia
1060 2298 1148 2356 quam

149 2390 355 2457 tempestatum
389 2388 595 2456 terrarumque.
652 2379 717 2438 Nec
751 2399 800 2438 me
834 2380 967 2456 praeterit
1003 2396 1150 2438 summum

151 2490 297 2539 oratorem
318 2479 450 2539 Periclen
471 2479 513 2536 sic
534 2497 552 2536 a
573 2479 687 2537 comico
709 2478 853 2556 Eupolide
874 2478 992 2550 laudari,

456 2623 520 2695 πρὸς
541 2620 572 2676 δέ
588 2619 614 2694 γ’
636 2622 713 2676 αὐτοῦ
733 2626 769 2696 τῷ
790 2623 865 2694 τάχει

105 2737 137 2791 75
315 2722 394 2777 πειθώ
414 2745 453 2778 τις
472 2717 613 2790 ἐπεκάθητο
632 2724 703 2776 τοῖσι
722 2722 846 2792 χείλεσιν.

315 2818 396 2878 οὕτως
416 2819 500 2890 ε’κὴλει
520 2818 560 2875 καὶ
581 2823 658 2890 μόνος
677 2825 728 2874 τῶν
748 2819 863 2892 ρητόρων

316 2920 346 2973 τὸ
367 2919 469 2992 κέντρον
489 2917 651 2992 ἐγκατέλειπε
672 2921 725 2974 τοῖς
745 2917 920 2990 ἀκροωμένοις.

154 3092 254 3134 verum
271 3074 339 3133 huie
353 3074 409 3152 ipsi
422 3073 525 3133 Pericli
542 3093 597 3132 nec
612 3073 658 3131 illa
671 3075 750 3129 πειθώ
765 3091 819 3131 nec
834 3072 904 3131 illud
919 3073 1003 3144 ἐκήλει
1016 3074 1153 3132 brevitate

154 3173 200 3232 vel
227 3171 377 3232 velocitate
405 3171 449 3231 vel
481 3182 601 3248 utraque
630 3170 778 3252 (differunt
808 3169 900 3250 enim)
929 3173 990 3230 sine
1022 3172 1155 3230 facultate

108 3289 143 3337 80
154 3290 273 3332 summa
307 3272 484 3348 contigisset.
540 3264 619 3330 Nam
654 3269 796 3328 delectare
830 3271 1004 3346 persuadere
1040 3270 1155 3345 copiam

157 3369 273 3429 dicendi
310 3370 494 3447 spatiumque
529 3368 690 3440 desiderat,
729 3367 890 3444 relinquere
920 3387 988 3426 vero
1022 3367 1156 3426 aculeum

158 3468 189 3526 in
217 3466 398 3526 audientium
425 3467 530 3525 animis
557 3467 582 3525 is
598 3466 716 3525 demum
744 3477 849 3544 potest,
878 3467 928 3543 qui
955 3483 1016 3523 non
1044 3466 1157 3542 pungit,

159 3563 212 3625 sed
232 3564 335 3643 infigit.
378 3564 464 3624 Adde
486 3583 562 3644 quae
584 3563 620 3624 de
641 3563 747 3623 eodem
768 3562 877 3623 Pericle
899 3563 1028 3623 comicus
1049 3563 1127 3638 alter,
