2626 3976
160 215 318 264 LETTERS
342 218 385 266 OF
408 219 437 270 C.
453 219 601 267 PLINIUS
624 220 810 268 CAECILIUS
831 220 1025 268 SECUNDUS.
1073 224 1133 285 109

132 373 301 449 innoxium;
333 377 413 454 quod
433 378 529 454 ipsum
543 378 638 437 facere
657 377 767 437 desisse
787 387 854 455 post
875 378 1001 437 edictum
1023 396 1132 448 meum,

132 490 191 547 quo
213 475 373 533 secundum
395 475 534 534 mandata
555 486 604 534 tua
625 476 765 535 hetaerias
787 495 850 535 esse
863 487 1019 535 vetueram.
1062 475 1132 547 Quo

131 573 226 646 magis
241 575 437 632 necessarium
452 574 560 633 credidi
575 592 611 632 ex
631 575 742 634 duabus
763 575 881 645 ancillis
896 594 971 650 quae
986 574 1132 632 ministrae

85 690 119 738 40
132 669 308 741 dicebantur,
324 673 393 749 quid
412 682 488 731 esset
506 673 565 730 veri
584 682 612 730 et
631 691 683 749 per
701 681 846 732 tormenta
865 691 1010 749 quaerere.
1053 671 1133 729 Nihil

132 769 209 827 aliud
223 770 320 830 inveni
333 789 422 847 quam
437 772 670 847 superstitionem
685 791 804 848 pravam
819 773 1015 831 immodicam.
1057 771 1132 831 Ideo

133 867 221 926 dilata
243 869 411 944 cognitione
437 870 474 927 ad
500 869 713 929 consulendum
738 879 766 928 te
788 871 947 931 decucurri.
992 870 1065 929 Visa
1090 882 1133 929 est

133 967 211 1024 enim
236 968 307 1025 mihi
331 987 377 1027 res
402 969 492 1044 digna
515 969 736 1039 consultatione,
758 971 886 1028 maxime
912 980 1030 1046 propter
1059 969 1134 1045 peri-

134 1065 292 1123 clitantium
328 1085 491 1124 numerum.
544 1066 630 1124 Multi
665 1066 744 1126 enim
772 1069 869 1126 omnis
897 1069 1008 1138 aetatis
1037 1068 1134 1126 omnis

86 1180 118 1230 45
134 1161 252 1234 ordinis
277 1164 426 1241 utriusque
455 1183 541 1224 sexus
569 1164 665 1235 etiam,
694 1175 833 1224 vocantur
861 1167 891 1223 in
918 1166 1078 1243 periculum
1106 1177 1135 1224 et

133 1263 322 1320 vocabuntur.
364 1261 469 1339 Neque
493 1263 621 1321 civitates
642 1273 753 1320 tantum
775 1263 827 1321 sed
840 1265 920 1322 vicos
941 1264 1028 1322 etiam
1047 1274 1135 1339 atque

133 1380 220 1438 agros
255 1363 466 1441 superstitionis
493 1364 574 1422 istius
609 1364 746 1440 contagio
782 1374 936 1441 pervagata
964 1375 1023 1435 est;
1059 1382 1134 1440 quae

133 1460 244 1518 videtur
258 1462 319 1520 sisti
332 1472 362 1519 et
376 1459 481 1537 corrigi
500 1480 597 1537 posse.
639 1459 725 1520 Certe
745 1463 813 1521 satis
836 1473 949 1521 constat
969 1481 1061 1539 prope
1076 1462 1135 1520 iam

134 1559 264 1618 desolata
292 1560 400 1636 templa
425 1561 558 1636 coepisse
581 1560 718 1619 celebrari
745 1569 774 1618 et
797 1579 879 1620 sacra
907 1561 1059 1620 sollemnia
1087 1561 1135 1619 diu

88 1671 120 1720 50
133 1658 296 1716 intermissa
315 1660 406 1735 repeti
427 1669 600 1736 pastumque
619 1658 716 1717 venire
737 1658 926 1731 victimarum,
942 1660 1024 1718 cuius
1038 1657 1135 1717 adhuc
1182 1633 1191 1698 i

134 1757 295 1816 rarissimus
315 1767 429 1832 emptor
447 1757 655 1816 inveniebatur.
696 1756 743 1814 Ex
765 1775 823 1833 quo
846 1757 929 1816 facile
950 1765 994 1815 est
1013 1757 1135 1833 opinari,
1172 1753 1177 1770 ‘

135 1873 209 1930 quae
234 1856 316 1914 turba
340 1853 492 1912 hominum
520 1854 667 1913 emendari
695 1854 796 1931 possit,
822 1855 845 1913 si
873 1856 909 1914 sit
937 1854 1134 1930 paenitentiae

134 1953 226 2012 locus.

404 2081 538 2198 ‘l‘on
582 2108 704 2189 (TRAI.
727 2109 789 2188 97.)

170 2252 261 2316 Trajan
278 2266 399 2316 approves
414 2251 443 2299 of
457 2249 551 2314 Pliny's
564 2251 679 2300 conduct.
713 2250 766 2299 The
779 2250 916 2299 Christians
932 2267 973 2300 are
988 2257 1015 2299 to
1029 2251 1060 2300 be
1076 2266 1137 2316 pun-

137 2335 207 2384 ished
224 2335 246 2384 if
259 2334 395 2390 convicted‚
412 2334 457 2382 but
474 2333 532 2397 they
544 2349 585 2382 are
601 2339 646 2381 not
663 2341 690 2382 to
706 2334 738 2382 be
755 2331 847 2396 sought
864 2333 909 2389 for,
927 2333 985 2395 they
1001 2348 1043 2381 are
1061 2340 1087 2381 to
1105 2333 1137 2380 be

137 2418 264 2484 pardoned
275 2417 298 2466 if
312 2418 369 2480 they
382 2416 497 2474 sacrifice,
509 2417 557 2466 and
569 2432 602 2465 no
613 2432 767 2480 anonymous
784 2416 874 2480 charge
885 2415 982 2479 against
994 2414 1061 2464 them
1073 2415 1094 2463 is
1110 2421 1137 2462 to

137 2502 168 2550 be
180 2500 308 2550 admitted.

503 2619 647 2660 TRAIANUS
668 2619 771 2660 PLINIO.

178 2741 287 2801 Actum
307 2761 396 2818 quem
417 2743 549 2816 debuisti,
568 2744 609 2802 mi
632 2742 775 2816 Secunde,
790 2744 820 2800 in
841 2740 1020 2800 excutiendis
1042 2741 1138 2798 causis

137 2858 240 2898 eorum
255 2841 304 2916 qui
319 2840 474 2900 Christiani
488 2842 525 2900 ad
540 2852 568 2900 te
583 2843 669 2901 delati
682 2841 795 2900 fuerant
814 2850 930 2899 secutus
949 2857 989 2897 es.
1032 2836 1137 2915 Neque

138 2938 261 2996 enimin
275 2939 440 2998 universum
454 2938 563 3014 aliquid
577 2939 657 3016 quod
672 2938 754 3016 quasi
768 2947 876 2995 certam
892 2935 1017 2993 formam
1033 2935 1138 2994 habeat

138 3035 276 3094 constitui
287 3046 395 3113 potest.
422 3037 623 3113 Conquirendi
634 3056 695 3096 non
706 3045 784 3094 sunt:
805 3036 828 3093 si
840 3033 1001 3093 deferantur
1012 3043 1041 3091 et
1052 3052 1139 3110 argu-

110 3143 230 3206 tantur,
245 3136 384 3212 puniendi
400 3147 475 3206 sunt,
490 3137 529 3194 ita
546 3147 643 3194 tamen
662 3147 694 3193 ut
715 3136 765 3211 qui
786 3133 933 3208 negaverit
955 3151 986 3191 se
1001 3130 1137 3190 Christia-

137 3251 209 3290 num
225 3252 289 3292 esse
302 3235 389 3311 idque
403 3253 434 3292 re
445 3236 509 3311 ipsa
522 3233 708 3293 manifestum
723 3233 828 3303 fecerit,
843 3231 873 3288 id
887 3241 931 3288 est
945 3229 1138 3306 supphcando

138 3333 183 3392 dis
211 3334 326 3406 nostris,
350 3333 481 3410 quamvis
504 3343 657 3410 suspectus
685 3331 716 3388 in
740 3330 934 3406 praeteritum,
958 3329 1073 3386 veniam
1101 3347 1138 3386 ex

136 3431 316 3508 paenitentia
337 3432 477 3508 impetret.
520 3432 589 3490 Sine
610 3439 729 3488 auctore
748 3446 817 3488 vero
838 3428 980 3505 propositi
1000 3427 1086 3486 libelli
1108 3430 1138 3484 z'n

137 3530 218 3589 nullo
234 3531 353 3589 crimine
367 3530 465 3589 locum
479 3530 585 3589 habere
601 3529 714 3589 debent.
758 3527 837 3588 Nam
857 3539 885 3588 et
902 3527 1021 3603 pessimi
1040 3545 1137 3586 exem-

99 3644 126 3680 10
137 3630 178 3707 pli
192 3648 248 3689 nec
263 3629 355 3689 nostri
370 3628 476 3689 saeculi
490 3638 542 3688 est.
