2636 3980
203 171 360 222 LETTERS
383 173 428 221 oF
450 171 478 223 C.
495 171 642 220 PLINIUS
664 155 850 219 CAECILIUS
871 173 1063 222 SECUNDUS.
1097 179 1134 246 13

138 349 206 392 nam
233 334 304 392 mihi
332 333 432 410 patria,
458 344 486 392 et
514 331 609 410 siquid
638 331 732 390 can'us
755 331 857 408 patria,
882 331 954 392 fides
979 333 1135 394 videbatur.
1183 407 1186 414 Ι

98 439 125 492 15
138 431 279 509 Prospere
298 432 392 504 cessit,
411 441 497 508 atque
517 431 592 490 adeo
612 429 659 487 illa
680 430 756 488 actio
777 429 847 488 mihi
869 449 952 490 aures
973 431 1135 505 hominum,

137 529 184 587 illa
202 530 319 588 ianuam
339 529 433 587 lamae
453 528 596 605 patefecit.
637 527 763 586 Proinde
778 527 895 604 dispice,
911 547 949 587 an
966 540 998 588 tu
1018 549 1135 608 quoque

138 629 192 686 sub
212 628 269 686 hoc
291 628 426 702 exemplo
448 628 595 686 somnium
617 626 694 686 istud
718 625 749 684 in
769 626 882 684 bonum
903 637 1012 686 vertas:
1042 639 1091 687 aut
1112 631 1137 688 si

137 727 223 786 tutius
250 737 335 802 putas
362 725 432 785 illud
460 725 617 786 cautissimi
644 725 783 801 cuiusque
814 735 1009 802 praeceptum,
1039 728 1136 804 “quod

138 825 250 884 dubites
285 844 322 883 ne
357 823 483 897 feceris’,
519 825 550 884 id
583 825 680 900 ipsum
715 825 848 884 rescribe.
910 823 977 902 Ego
1009 825 1136 902 aliquam

96 908 288 1004 aelstropham
309 923 454 981 inveniam
476 939 621 999 agamque
642 941 761 981 causam
782 933 869 994 tuam,
892 933 924 981 ut
945 924 1028 982 istam
1050 941 1137 1000 agere

139 1032 177 1093 tu,
193 1039 259 1080 cum
273 1022 361 1093 voleS,
376 1022 481 1099 possis.
524 1021 578 1080 Est
592 1022 671 1080 enirn
686 1039 757 1081 sane
775 1023 829 1081 alia
844 1023 915 1081 ratio
929 1033 987 1093 tua,
1002 1022 1057 1082 alia
1071 1039 1137 1082 mea

139 1121 198 1180 fuit.
221 1120 319 1178 'Nam
339 1121 479 1179 iudicium
497 1120 701 1180 centumvirale
719 1121 826 1179 differri
845 1121 924 1179 nullo
942 1122 1042 1194 modo,
1061 1121 1137 1180 istud

139 1237 224 1296 aegre
238 1220 365 1295 quidem,
380 1220 432 1279 sed
446 1229 545 1278 tamen
558 1228 664 1296 potest.
699 1219 782 1278 Vale.

462 1512 510 1566 13.
552 1504 681 1585 (Boon
706 1523 730 1565 1.
756 1503 817 1582 ω.)

171 1659 242 1725 Pliny
253 1659 310 1710 aslis
325 1661 367 1710 the
381 1660 483 1726 opinion
500 1661 529 1711 os
542 1661 645 1711 Tacitus
660 1678 692 1712 on
708 1679 723 1711 a
738 1668 895 1725 controversy
906 1661 932 1709 in
943 1659 1024 1711 which
1041 1659 1071 1712 he
1087 1663 1138 1713 had

139 1745 200 1794 been
217 1744 329 1809 engaged
340 1745 427 1794 witha
442 1744 521 1794 friend
536 1744 565 1793 of
576 1743 622 1801 his,
636 1745 741 1808 namely,
753 1744 890 1794 whethera
904 1743 964 1809 long
979 1747 1069 1810 speech
1084 1761 1139 1796 ora

139 1827 209 1876 short
220 1843 267 1878 one
278 1827 299 1875 is
311 1827 353 1877 the
365 1843 435 1877 more
446 1827 556 1876 effective
567 1827 592 1875 in
601 1825 703 1890 judicial
714 1827 838 1892 pleading.

355 1983 380 2023 C.
402 1983 514 2023 PLINIUS
535 1982 680 2024 CORNELIO
702 1982 807 2023 TACITO
829 1981 882 2023 SUO
903 1982 924 2022 S.

181 2113 330 2191 Frequens
348 2113 419 2171 mihi
439 2113 596 2190 disputatio
613 2122 658 2172 est
677 2131 744 2170 cum
764 2113 894 2190 quodam
914 2112 1001 2171 docto
1019 2112 1138 2174 homine

141 2220 170 2270 et
200 2212 300 2288 perito,
329 2212 376 2270 cui
407 2210 478 2269 nihil
506 2229 596 2287 aeque
625 2211 655 2268 in
684 2212 778 2270 causis
806 2211 927 2286 agendis
957 2220 988 2270 ut
1015 2212 1138 2273 brevitas

140 2311 244 2387 placet.
286 2309 385 2382 Quam
411 2328 467 2387 ego
493 2310 714 2369 custodiendam
739 2329 804 2368 esse
829 2311 979 2382 confiteor,
1003 2312 1027 2370 si
1052 2330 1139 2372 causa

141 2409 302 2485 permittat:
332 2409 439 2485 alioqui
462 2409 668 2485 praevaricatio
690 2419 735 2468 est
758 2410 878 2467 transire
900 2409 1032 2479 dicenda,
1058 2429 1140 2486 prae·

112 2508 277 2569 5varicati0
292 2509 379 2566 etiam
399 2508 504 2566 cursim
523 2519 552 2566 et
571 2508 693 2565 breviter
712 2509 852 2585 attingere
871 2526 944 2584 quae
965 2518 1031 2565 sunt
1050 2509 1140 2566 incul-

142 2606 244 2678 canda,
256 2606 411 2682 infigenda,
427 2607 592 2682 repetenda.
626 2605 704 2664 Nam
718 2607 863 2683 plerisque
877 2607 1008 2682 longiore
1020 2616 1141 2666 tractatu

142 2705 185 2764 vis
208 2707 353 2782 quaedam
378 2715 407 2765 et
431 2706 548 2781 pondus
570 2705 690 2778 accedit,
711 2714 801 2783 utque
822 2705 939 2782 corpori
962 2704 1078 2779 ferrum,
1101 2707 1142 2766 sic

141 2805 235 2862 oratio
253 2805 352 2863 animo
369 2822 431 2862 non
452 2805 511 2863 ictu
532 2805 626 2879 magis
644 2822 733 2880 quam
754 2822 837 2862 mora
858 2804 1038 2880 imprimitur.
1082 2805 1142 2866 Hic

142 2902 189 2960 ille
210 2920 326 2961 mecum
347 2903 562 2961 auctoritatibus
582 2902 641 2982 agit
662 2921 697 2961 ac
717 2902 788 2960 mihi
809 2920 846 2960 ex
867 2905 979 2978 graecis
996 2906 1142 2964 orationes

96 3023 129 3059 10
143 3001 249 3078 Lysiae
267 3011 401 3073 ostentat,
420 3019 457 3060 ex
476 3001 583 3059 nostris
598 2999 798 3060 Gracchorum
816 2999 1003 3078 Catonisque,
1018 3021 1143 3079 quorum

144 3118 215 3159 sane
247 3100 387 3177 plurimae
419 3108 486 3158 sunt
518 3099 706 3157 circumcisae
737 3109 766 3156 et
796 3101 915 3158 breves:
951 3119 1007 3176 ego
1037 3101 1142 3178 Lysiae

143 3198 375 3269 Demosthenen,
401 3197 578 3270 Aeschinen,
601 3196 772 3273 Hyperiden
797 3199 961 3274 multosque
985 3207 1141 3274 praeterea,

143 3297 286 3359 Gracchis
301 3307 329 3356 et
344 3296 450 3356 Catoni
465 3297 637 3367 Pollionem,
652 3295 819 3367 Caesarem,
835 3296 975 3368 Caelium,
993 3297 1024 3354 in
1043 3275 1144 3373 primis

144 3397 189 3456 M.
210 3397 340 3457 Tullium
365 3412 494 3472 oppono,
516 3395 597 3452 cuius
619 3394 711 3453 oratio
734 3395 844 3470 optima
869 3394 957 3452 fertur
978 3413 1044 3453 esse
1069 3412 1144 3471 quae

97 3513 129 3565 15
145 3497 283 3556 maxima.
334 3493 373 3554 Et
400 3495 514 3554 hercule
538 3504 570 3554 ut
596 3495 667 3553 aliae
691 3495 787 3554 bonae
815 3513 862 3554 res
887 3496 926 3554 ita
950 3496 1045 3554 bonus
1073 3496 1144 3556 liber

143 3595 248 3654 melior
272 3604 316 3657 est
345 3593 475 3672 quisque,
501 3612 560 3672 quo
588 3595 690 3654 maior.
731 3594 824 3653 Vides
851 3604 883 3653 ut
910 3603 1027 3667 statuas,
1053 3595 1146 3672 signa,
