2636 3980
163 189 319 238 LETTERS
343 189 389 238 OF
408 190 436 243 C.
450 189 597 246 PLINIUS
619 188 806 238 CAECILIUS
827 191 1018 240 SECUNDUS.
1063 197 1101 263 31

110 367 175 408 narn
197 369 244 409 me
265 351 394 428 priorum
415 369 492 411 nova
513 349 672 422 admonuit,
693 369 747 410 nec
768 350 854 410 refert
874 369 891 410 a
913 361 970 428 qua
989 353 1106 430 potissi-

110 466 188 507 mum
203 450 349 526 incipiam.
392 448 517 509 Verania
531 449 645 509 Pisonis
660 449 785 526 graviter
799 450 919 522 iacebat,
934 451 1017 511 huius
1039 452 1105 512 dico

110 547 230 620 Pisonis,
256 567 343 625 quem
367 549 462 610 Galba
487 548 640 625 adoptavit.
693 548 742 608 Ad
766 548 842 608 hanc
868 549 998 627 Regulus
1018 552 1105 612 venit.

82 659 96 707 5
110 645 238 704 Primum
258 647 458 724 inpudentiam
479 647 615 721 hominis,
630 649 680 725 qui
694 649 802 707 venerit
822 650 860 709 ad
881 668 1009 726 aegram,
1024 651 1105 711 cuius

109 747 211 804 marito
225 746 450 819 inimicissimus,
464 747 520 824 ipsi
540 747 730 806 invisissimus
751 747 850 807 luerat.
892 748 974 820 Esto,
989 750 1014 808 si
1028 749 1106 808 venit

109 853 239 903 tanturn:
261 855 291 904 at
304 845 349 904 ille
367 846 455 904 etiam
469 847 621 922 proximus
640 857 705 906 toro
721 847 803 919 sedit,
818 866 877 924 quo
893 849 947 920 die,
962 867 1021 925 qua
1033 847 1106 908 hora

109 952 177 1002 nata
205 953 281 1002 esset
302 944 495 1020 interrogavit.
537 945 597 1004 Ubi
624 947 723 1019 audiit,
749 948 900 1023 componit
921 947 1037 1020 vultum,
1063 947 1105 1005 in·

109 1044 200 1102 tendit
222 1044 332 1114 oculos,
353 1055 451 1106 movet
469 1045 557 1117 labra,
579 1047 669 1123 agitat
691 1047 805 1122 digitos,
829 1057 997 1125 computat;
1019 1047 1104 1106 nihil:

67 1161 96 1196 10
111 1151 141 1200 ut
162 1142 211 1201 diu
230 1143 365 1202 miseram
384 1146 584 1220 expectatione
602 1147 760 1224 suspendit,
784 1146 906 1206 ‘habes'
927 1147 1018 1224 inquit
1039 1147 1104 1206 ‘cli-

109 1242 296 1301 mactericum
310 1251 434 1320 tempus,
450 1243 503 1303 sed
517 1243 632 1304 evades.
667 1243 757 1318 Quod
771 1256 803 1304 ut
817 1247 868 1304 tibi
882 1245 975 1322 magis
989 1246 1104 1321 liqueat,

109 1341 292 1417 haruspicem
306 1341 465 1412 consulam,
481 1360 568 1419 quem
587 1361 653 1404 sum
667 1343 832 1420 frequenter
845 1343 999 1422 expertus?
1039 1342 1068 1401 N
1071 1362 1105 1403 ec

110 1457 207 1512 mora;
236 1439 407 1498 sacrificium
433 1440 507 1511 lacit,
531 1441 665 1500 adfirmat
686 1453 753 1502 exta
777 1461 845 1501 cum
867 1443 993 1502 siderum
1016 1443 1104 1519 signi·

110 1539 244 1598 ficatione
259 1557 428 1615 congruere.
469 1539 530 1612 Illa,
546 1550 578 1599 ut
593 1541 623 1600 in
636 1541 765 1618 periculo
779 1542 905 1613 credula,
916 1541 1011 1618 poscit
1025 1542 1105 1625 codi-

65 1652 95 1702 15
110 1638 202 1709 cillos,
234 1640 361 1714 legatum
390 1639 506 1715 Regulo
534 1641 647 1699 scribit:
680 1659 750 1698 mox
777 1641 966 1718 ingravescit:
999 1641 1105 1700 clamat

109 1739 248 1800 moriens¹
262 1736 412 1796 hominem
434 1757 561 1816 nequam
589 1738 732 1816 perfidum
757 1757 791 1797 ac
815 1739 881 1815 plus
905 1739 992 1798 etiam
1016 1756 1105 1815 quam

111 1837 264 1914 periurum,
287 1837 337 1912 qui
362 1838 416 1896 sibi
439 1857 492 1914 per
513 1837 634 1897 salutem
655 1838 705 1896 filii
726 1838 903 1916 perierasset.
946 1837 1028 1894 Facit
1047 1837 1104 1895 hoc

111 1934 243 2012 Regulus
264 1953 325 1993 non
349 1936 445 1995 minus
469 1936 604 1995 scelerate
626 1955 714 2012 quam
736 1935 909 2011 frequenter,
931 1935 1011 2011 quod
1032 1937 1105 1994 iram

111 2035 240 2106 deorum,
269 2052 344 2112 quos
366 2025 434 2111 'ipse
462 2035 567 2094 cotidie
595 2035 673 2107 fallit,
702 2036 733 2093 in
761 2044 847 2111 caput
875 2034 995 2092 infelicis
1023 2033 1106 2111 pueri

65 2145 96 2180 20
110 2132 275 2192 detestatur.
316 2133 444 2192 Velleius
473 2132 601 2204 Blaesus,
629 2135 676 2194 ille
703 2134 832 2211 locuples
861 2133 1027 2206 consularis,
1053 2151 1105 2191 no-

110 2231 229 2290 vissima
255 2233 417 2293 valetudine
446 2233 680 2293 conflictabatur:
715 2235 850 2312 cupiebat
877 2243 988 2292 mutare
1019 2242 1107 2292 testa·

110 2341 251 2390 mentum.
308 2331 446 2409 Regulus,
473 2335 521 2408 qui
545 2343 673 2410 speraret
695 2333 802 2410 aliquid
827 2352 864 2390 er
886 2333 968 2391 novis
993 2331 1106 2402 tabula,

111 2430 181 2505 quia
201 2448 293 2506 nuper
314 2441 430 2508 captare
454 2449 521 2489 eum
545 2441 689 2510 coeperat,
711 2430 842 2490 medicos
865 2430 983 2501 hortari,
1003 2447 1106 2504 rogare

111 2545 232 2604 quoquo
251 2527 341 2587 modo
358 2529 487 2604 spiritum
502 2529 612 2587 homini
627 2540 824 2606 prorogarent
867 2529 1027 2604 Postquam
1049 2525 1106 2600 sig·

65 2635 96 2685 ²5
112 2635 214 2684 natum
229 2637 271 2686 est
285 2637 497 2700 testamentum,
506 2638 598 2687 mutat
611 2646 777 2705 personam,
786 2629 868 2687 vertit
881 2627 1106 2697 adlocutionem,

112 2723 263 2802 isdemque
284 2726 405 2785 medicis
420 2730 589 2804 ‘quousque
609 2727 746 2786 miserum
767 2727 929 2786 cruciatisl
947 2724 1016 2801 quid
1037 2724 1107 2781 invi-

112 2822 187 2882 detis
212 2825 290 2883 bona
313 2835 405 2883 morte
431 2825 478 2884 cui
502 2824 569 2884 dare
590 2825 677 2884 vitam
701 2844 762 2885 non
785 2820 940 2903 potestisl'
982 2822 1107 2881 Moritur

110 2922 241 2996 Blaesus,
267 2933 295 2982 et
317 2932 467 3001 tamquam
489 2925 588 2984 omnia
612 2927 747 2997 audisset,
769 2924 884 3001 Regulo
905 2943 943 2982 ne
963 2923 1106 2981 tantulum

111 3021 240 3099 quidem.
285 3022 435 3082 Sufficiunt
452 3023 526 3082 duae
541 3022 662 3094 fabulae,
677 3043 715 3082 an
730 3023 901 3082 scholastica
915 3023 979 3099 lege
993 3023 1106 3081 tertiam

66 3122 230 3198 reposcis?
280 3120 333 3180 Est
353 3121 431 3181 unde
456 3121 512 3180 fiat
555 3122 679 3193 Aurelia,
702 3132 803 3180 omata
823 3120 939 3190 femina,
962 3121 1107 3196 signatura

110 3228 319 3278 testamentum
334 3229 495 3296 sumpserat
509 3220 714 3298 pulcherrimas
729 3221 848 3280 tunicas.
891 3219 1020 3296 Regulus
1039 3238 1106 3280 cum

110 3318 238 3378 venisset
252 3319 289 3377 ad
303 3317 487 3394 signandum,
503 3317 609 3394 ‘rogo'
625 3318 717 3394 inquit
731 3317 800 3377 ‘has
818 3318 888 3375 mihi
906 3316 1002 3394 leges'
1046 3316 1106 3374 Au·

110 3418 181 3476 relia
199 3417 297 3476 ludere
315 3417 466 3476 hominem
485 3418 611 3493 putabat,
626 3416 672 3474 ille
692 3417 767 3475 serio
787 3417 928 3474 instabat:
951 3433 988 3474 ne
1008 3415 1107 3487 multa,

110 3519 210 3595 coegit
233 3516 384 3574 mulierem
407 3515 515 3591 aperire
536 3515 649 3574 tabulas
675 3535 709 3574 ac
738 3516 790 3575 sibi
813 3516 924 3574 tunicas
949 3533 1021 3591 quas
1047 3523 1109 3574 erat

65 3629 95 3682 35
110 3617 213 3678 induta
229 3615 343 3692 legare:
366 3614 527 3674 observavit
545 3615 728 3687 scribentem,
743 3613 870 3690 inspexit
884 3633 921 3673 an
939 3614 1107 3690 scripsisset.
