2626 3976
197 164 236 246 78
463 179 485 226 A
511 179 707 228 saracrrorv
726 181 829 228 raon
851 177 920 230 rna

193 349 296 390 vocem
318 351 420 409 parum
443 333 548 392 fortem
572 335 602 393 in
626 336 712 394 tantis
733 335 866 412 periculis
892 336 1042 404 excidisse,
1065 335 1122 393 nisi
1145 353 1197 395 me
1210 345 1240 398 70

194 449 261 489 cum
283 433 426 504 omnibuS,
448 434 547 492 omnia
566 453 682 492 mecum
705 436 797 511 perire
820 437 935 505 misero,
960 453 1070 512 magno
1093 444 1196 492 umen

194 531 373 589 mortalitatis
395 531 504 590 solacio
526 533 721 592 credidissem.
764 533 901 592 Tandem
924 533 973 592 illa
995 535 1088 610 caligo
1110 544 1196 592 tenu-

192 639 239 687 ata
263 630 345 706 quasi
368 631 399 686 in
420 629 531 687 lumum
551 632 722 689 nebulamve
745 631 892 691 discessit:
924 651 995 690 mox
1017 633 1078 692 dies
1099 651 1194 702 veruS,

192 728 237 786 sol
260 730 347 786 etiam
371 728 484 799 effulsit,
510 728 617 787 luridus
642 739 749 802 tamen,
775 731 868 806 qualis
891 749 965 803 esse,
992 750 1059 790 cum
1085 731 1193 802 deficit,
1305 759 1306 802 a

191 828 272 886 solet.
310 827 510 886 Occursabant
524 828 733 904 trepidantibus
748 830 844 888 adhuc
862 831 953 888 oculis
968 840 1077 887 mutata
1091 831 1194 887 omnia
1206 838 1236 892 75

191 925 308 1001 altoque
330 928 426 984 cinere
446 936 595 1003 tamquam
617 929 681 986 nive
702 929 838 988 obducta.
881 929 1016 1004 Regressi
1041 927 1193 985 Misenum
1305 979 1306 1016 ,

191 1026 294 1084 curatis
315 1037 471 1102 utcumque
492 1028 661 1103 corporibus
683 1046 854 1104 suspensam
874 1029 1052 1104 dubiamque
1071 1036 1192 1085 noctem

192 1142 243 1199 spe
271 1144 304 1183 ac
332 1136 411 1183 metu
435 1127 593 1202 exegimus.
637 1125 735 1185 Metus
762 1126 961 1202 praevalebat:
994 1144 1064 1183 nam
1086 1135 1114 1184 et
1135 1135 1192 1184 tre·
1305 1127 1306 1156 ¹

189 1241 254 1281 mor
274 1233 365 1282 terrae
379 1226 589 1300 perseverabat,
613 1235 642 1283 et
662 1226 790 1301 plerique
811 1224 952 1301 lymphati
972 1225 1101 1282 tenilicis
1120 1225 1191 1282 vati-

190 1323 382 1381 cinationibus
410 1333 438 1381 et
462 1341 513 1382 sua
536 1333 565 1382 et
593 1324 687 1382 aliena
710 1323 786 1382 mala
810 1323 1038 1383 ludificabantur.
1093 1322 1191 1384 Nobis
1201 1331 1235 1379 80
1305 1315 1306 1344 ¹

189 1430 286 1479 tamen
315 1439 352 1478 ne
376 1430 444 1478 tunc
467 1422 592 1497 quidem,
617 1440 795 1498 quamquam
820 1430 848 1479 et
876 1423 1001 1497 expertis
1028 1422 1190 1498 periculum

188 1528 218 1576 et
245 1520 471 1594 expectantibus,
505 1520 630 1578 abeundi
659 1520 818 1592 consilium,
848 1521 943 1578 donec
972 1520 1008 1578 de
1044 1520 1189 1578 avunculo

188 1617 315 1675 nuntius.
361 1617 446 1676 Haec
475 1637 659 1694 nequaquam
684 1619 802 1677 historia
829 1619 918 1695 digna
946 1636 1008 1676 non
1029 1619 1190 1694 scripturus

189 1716 268 1792 leges
293 1725 322 1774 et
347 1717 406 1787 tibi,
429 1717 537 1776 seilicet
560 1719 609 1794 qui
633 1717 784 1794 requisisti,
805 1717 967 1793 imputabis,
990 1717 1014 1776 si
1036 1717 1124 1792 digna
1149 1735 1189 1775 ne

188 1815 310 1891 epistula
324 1814 443 1892 quidem
457 1817 637 1876 videbuntur.
680 1816 761 1874 Vale.

500 2047 552 2101 62.
596 2037 725 2116 (BOOK
748 2043 775 2099 6.
799 2037 861 2119 33.)

220 2189 291 2253 Pliny
303 2189 374 2238 sends
391 2190 518 2240 Romanus
535 2190 574 2239 his
590 2191 749 2254 masterpiece
766 2189 795 2237 of
809 2196 915 2252 oratory,
932 2189 971 2238 his
988 2189 1076 2252 speech
1093 2205 1125 2238 on
1142 2191 1187 2239 be-

102 2271 104 2276 ’
186 2271 241 2320 hall
261 2271 289 2321 of
308 2273 379 2320 Attia
397 2271 499 2329 Viriola,
525 2272 632 2335 unjustly
653 2271 811 2321 disinherited
833 2273 866 2334 by
889 2271 930 2320 the
953 2271 1069 2322 influence
1093 2272 1123 2320 of
1140 2271 1188 2321 her

186 2355 345 2419 stepmother.

474 2474 499 2514 C.
521 2473 635 2514 PLINIUS
657 2474 777 2514 ROMANO
799 2474 851 2514 SUO
872 2474 894 2513 S.

228 2606 352 2664 ‘Tollite
366 2605 484 2662 cuncta'
498 2606 590 2680 inquit
605 2609 800 2682 ‘coeptosque
814 2604 921 2664 auferte
935 2603 1065 2665 labores!

186 2703 245 2763 Seu
273 2705 372 2762 scribis
395 2704 502 2779 aliquid
527 2724 578 2763 seu
603 2705 683 2781 legis,
710 2704 770 2762 tolli
799 2704 902 2762 auferri
929 2705 997 2763 iube
1025 2715 1054 2763 et
1081 2706 1185 2782 accipe

184 2804 346 2862 orationem
374 2821 480 2876 meam,
508 2815 540 2862 ut
566 2805 613 2862 illa
647 2821 735 2872 arma,
763 2803 889 2861 divinam
918 2799 1002 2880 (num
1029 2805 1185 2879 superbius

184 2903 309 2977 potuii),
334 2921 364 2960 re
388 2920 455 2960 vera
479 2912 510 2961 ut
531 2903 604 2960 inter
624 2921 705 2961 meas
726 2902 894 2978 pulchram:
926 2920 995 2960 nam
1019 2901 1088 2958 mihi
1113 2904 1185 2962 satis

184 3009 228 3058 est
256 3009 363 3058 certare
392 3017 515 3058 mecum.
570 2999 624 3058 Est
645 3000 717 3058 baec
742 3019 796 3077 pro
818 2999 899 3059 Attia
921 2999 1039 3072 Viriola,
1065 3009 1093 3058 et
1120 3001 1208 3076 dig-5

184 3099 272 3156 nitate
299 3117 444 3174 personae
469 3109 498 3158 et
522 3099 648 3175 exempli
672 3100 786 3158 raritate
810 3108 839 3156 et
860 3099 956 3158 iudicii
980 3099 1184 3173 magnitudine

183 3197 314 3274 insignis.
356 3196 434 3256 Nam
452 3197 559 3255 femina
579 3197 730 3273 splendide
751 3207 827 3268 nata,
841 3207 932 3272 nupta
950 3198 1094 3273 praetorio
1109 3197 1182 3269 vir0,

183 3296 358 3355 exheredata
378 3297 415 3352 ab
437 3296 626 3370 octogenario
647 3306 726 3371 patre
745 3296 818 3353 intra
840 3296 977 3353 undecim
999 3295 1068 3366 dies,
1090 3312 1183 3371 quarn

183 3395 222 3452 illi
249 3412 404 3454 novercam
432 3411 531 3452 amore
556 3404 658 3470 captus
680 3393 840 3466 induxerat,
863 3393 1044 3470 quadruplici
1071 3394 1182 3452 iudicio

182 3492 261 3551 bona
288 3501 409 3570 patema
435 3493 591 3567 repetebat.
647 3491 793 3550 Sedebant
823 3501 941 3550 centum
973 3502 1002 3550 et
1029 3493 1182 3567 octoginta
1191 3515 1229 3554 10

182 3589 290 3649 iudices
322 3589 378 3668 (tot
405 3590 482 3649 enim
517 3599 652 3665 quattuor
679 3589 805 3648 consiliis
835 3586 1037 3667 colliguntur):
1072 3590 1180 3666 ingens
