2626 3976
214 175 256 254 84
481 185 506 234 A
530 184 728 235 subacrior:
746 185 849 234 raon
871 184 941 234 rua

212 368 249 410 eo
274 347 370 424 magis
394 347 472 406 hanc
504 346 591 423 cupio
620 347 734 417 servari,
762 355 795 405 ut
820 345 894 404 mihi
921 343 1053 406 solvendi
1081 352 1219 419 tempora

211 447 363 525 supersint.
406 446 443 504 In
463 445 508 503 his
530 463 610 503 erarn
631 446 715 516 curis,
738 464 807 505 curn
827 446 984 504 scriberem
1005 444 1043 502 ad
1063 453 1109 514 te;
1140 460 1219 518 quas
1231 458 1264 505 4⁰

212 549 235 608 si
265 547 336 606 deus
360 546 463 623 aIIquis
488 545 518 602 in
543 544 682 620 gaudium
704 544 825 616 verterit,
852 545 888 604 de
910 552 990 602 metu
1015 561 1077 601 non
1101 558 1218 620 querar.

211 645 293 706 Vale.

531 875 585 927 os.
628 865 759 947 (soon
782 880 808 941 7.
833 864 892 944 η.)

244 1019 323 1082 Pliny,
340 1018 418 1067 under
434 1033 507 1066 cover
523 1016 553 1065 of
565 1017 689 1081 inquiring
706 1013 789 1066 Sura’s
804 1013 906 1079 opinion
922 1013 999 1061 about
1015 1011 1109 1075 ghosts
1125 1008 1217 1058 relates

211 1116 374 1168 appearances
396 1116 452 1150 seen
474 1100 509 1163 by
526 1099 625 1148 Curtius
642 1098 729 1157 Rusus,
740 1097 923 1153 Athenodorus,
940 1095 988 1145 and
1009 1111 1056 1143 one
1072 1093 1102 1142 of
1120 1090 1216 1156 Pliny’s

211 1201 267 1234 own
279 1185 365 1233 slaves.

516 1320 541 1361 C·
563 1319 676 1360 PLINIUS
696 1318 789 1358 SURAE
813 1317 866 1359 SUO
887 1317 909 1357 S.

251 1435 289 1493 Et
303 1433 373 1492 mihi
387 1432 517 1491 discendi
532 1442 560 1491 et
578 1433 630 1491 tibi
650 1432 775 1491 docendi
791 1431 956 1490 facultatem
976 1431 1068 1488 otium
1082 1428 1214 1504 praebet.

211 1533 304 1611 Igitur
331 1550 472 1609 perquam
499 1531 585 1590 velim
613 1533 693 1602 scire,
723 1548 787 1590 esse
815 1531 1018 1607 phantasmata
1047 1537 1075 1586 et
1103 1528 1215 1585 habere

171 1689 174 1694 .
212 1632 359 1710 propriam
387 1631 509 1706 figuram
533 1648 701 1706 numenque
729 1630 847 1707 aliquod
871 1639 962 1707 putes
992 1646 1030 1686 an
1058 1626 1156 1684 inania
1185 1635 1215 1684 et

211 1749 286 1791 vana
310 1748 348 1790 ex
375 1739 457 1788 metu
484 1738 585 1787 nostro
612 1729 771 1806 imaginem
799 1729 937 1805 accipere.
989 1727 1055 1803 Ego
1084 1735 1117 1782 ut
1148 1741 1215 1783 esse

212 1828 330 1888 credam
358 1828 389 1887 in
416 1828 515 1906 primis
538 1845 575 1886 eo
603 1828 702 1900 ducor,
727 1828 808 1906 quod
832 1829 919 1887 audio
944 1826 1084 1885 accidisse
1109 1823 1244 1888 Curtios

213 1927 276 1986 Rul
295 1973 300 1986 .
343 1925 455 1985 Tenuis
474 1925 568 1985 adhuc
588 1936 616 1985 et
637 1928 778 1987 obscurus
799 1925 941 1985 obtinenti
959 1924 1089 1983 Africam
1110 1939 1215 1981 comes

212 2027 361 2084 haeserat:
391 2024 528 2084 inclinato
552 2024 600 2083 die
621 2026 799 2102 spatiabatur
822 2025 853 2083 in
877 2025 1007 2101 porticu:
1041 2022 1162 2081 offertur
1188 2021 1216 2080 ei

214 2123 340 2182 mulieris
368 2123 461 2198 figura
487 2123 616 2183 humana
643 2125 781 2200 grandior
808 2124 1028 2200 pulchriorque:
1060 2121 1215 2198 perterrito

214 2221 344 2281 Africam
371 2239 412 2293 se,
440 2220 599 2281 futurorum
633 2223 844 2299 praenuntiam,
872 2222 944 2282 dixit
954 2244 963 2297 3
998 2223 1105 2281 iturum
1133 2220 1215 2279 enim

216 2320 345 2380 Romam
372 2319 557 2396 honoresque
584 2330 735 2397 gesturum
762 2331 848 2399 atque
879 2322 966 2380 etiarn
995 2339 1062 2381 cum
1096 2338 1215 2379 summo
1232 2341 1263 2374 ιο

215 2420 340 2496 imperio
369 2418 399 2477 in
431 2419 555 2478 eandem
583 2421 763 2496 provinciam
789 2439 970 2481 reversurum
998 2421 1094 2497 ibique
1123 2420 1214 2478 mori·

216 2527 321 2578 turum.
356 2516 446 2575 Facta
461 2527 527 2576 sunt
542 2518 648 2577 omnia.
684 2519 836 2579 Praeterea
846 2519 996 2578 accedenti
1007 2518 1217 2594 Carthaginem

217 2617 434 2693 egredientique
448 2635 521 2675 nave
535 2617 637 2676 eadem
651 2617 743 2694 figura
756 2619 787 2677 in
803 2619 886 2677 litore
900 2618 1060 2677 occurrisse
1074 2626 1217 2674 narratur.

217 2716 287 2792 Ipse
322 2725 399 2775 certe
432 2716 577 2793 inplicitus
614 2718 728 2788 morbo,
763 2717 857 2776 futura
890 2716 1067 2794 praeteritis„
1093 2714 1218 2774 adversa

220 2814 356 2874 secundis
379 2825 544 2891 auguratus,
567 2834 650 2891 spem
672 2815 771 2875 salutis
794 2814 874 2874 nullo
899 2833 1018 2874 suorum
1042 2815 1217 2893 desperante
1234 2831 1263 2882 15

219 2913 348 2989 proiecit.
389 2913 454 2972 Iam
472 2913 541 2973 illud
559 2931 659 2973 nonne
678 2923 707 2972 et
726 2915 820 2990 magis
840 2914 965 2974 terribile
986 2923 1015 2972 et
1033 2932 1095 2973 non
1117 2914 1217 2973 minus

219 3012 326 3069 mirum
340 3021 392 3083 est,
407 3013 489 3089 quod
502 3030 650 3090 exponam
664 3023 697 3072 ut
710 3014 829 3091 accepi?
864 3014 935 3073 E1at
948 3013 1073 3073 Athenis
1088 3016 1219 3089 spatiosa

221 3121 250 3172 et
274 3128 368 3186 capax
390 3111 504 3184 domus,
528 3111 580 3172 sed
604 3111 720 3172 infamis
740 3123 770 3172 et
794 3114 939 3190 pestilens.
990 3114 1047 3173 Per
1071 3114 1220 3174 silentium

220 3210 317 3270 noctis
330 3227 422 3268 sonus
432 3210 498 3270 ferri
508 3222 546 3283 et,
559 3212 583 3271 si
598 3211 760 3272 attenderes
769 3214 874 3285 acrius,
885 3215 1022 3292 strepitus
1035 3214 1220 3274 vinculorum

220 3310 337 3386 longius
350 3307 455 3386 prime,
466 3308 572 3370 deinde
585 3329 603 3369 e
616 3311 751 3388 proximo
765 3311 952 3372 reddebatur:
974 3332 1045 3372 mox
1060 3315 1222 3391 apparebat
1237 3335 1270 3370 ιο

222 3408 332 3478 idolon,
350 3425 440 3467 senex
458 3409 551 3467 macie
570 3418 599 3468 et
617 3410 752 3488 squalore
771 3411 931 3486 conlectus,
951 3414 1097 3490 promissa
1117 3414 1221 3486 barba,

221 3507 349 3566 horrenti
372 3506 497 3583 capillo:
528 3509 657 3568 cruribus
682 3511 848 3586 compedes,
871 3513 1007 3571 manibus
1028 3522 1146 3571 catenas
1168 3531 1224 3588 ge-

223 3607 304 3665 rebat
330 3608 544 3686 quatiebatque.
597 3608 671 3669 Inde
702 3608 927 3671 inhabitantibus
956 3611 1051 3672 tristes
1082 3610 1226 3690 diraeque
1296 3601 1297 3625 *
