2636 3980
194 195 351 244 LETTERS
376 195 419 243 OF
441 195 470 242 0.
486 196 632 244 PLINIUS
653 196 841 245 CAECILIUS
863 195 1053 246 SECUNDUS.
1100 183 1140 267 63

139 356 227 432 prius,
249 375 348 414 verum
371 357 408 415 ad
433 356 561 416 honores
586 358 688 417 virtute
712 358 891 434 perveniunt.
934 356 970 414 In
995 357 1139 415 infinitum

139 455 295 531 epistulam
314 455 478 527 extendam,
501 457 524 514 si
542 458 650 532 gaudio
669 474 736 516 meo
753 453 929 532 indulgeam.
971 455 1140 514 Praevertor

98 571 128 620 25
140 554 178 611 ad
201 572 330 629 eaquae
353 572 402 612 me
425 564 561 630 agentem
585 555 632 614 hic
656 559 774 616 nuntius
800 555 997 631 deprehendit.
1050 555 1140 613 Eram

139 670 206 710 cum
234 670 392 730 prosocero
414 671 492 724 meo,
517 673 597 713 eram
619 675 687 714 cum
715 657 802 715 amita
826 655 933 725 uxoris,
963 673 1042 712 eram
1071 671 1138 712 cum

139 750 238 808 amicis
282 751 331 808 diu
374 749 550 823 desideratis,
592 753 779 812 circumibam
821 754 940 829 agellos,
984 752 1138 810 audiebam

137 849 260 908 multum
290 849 461 907 rusticarum
491 851 689 926 querellarum,
715 853 842 911 rationes
871 852 1004 927 legebam
1034 850 1139 908 invitus

139 957 167 1006 et
199 949 304 1006 cursim
334 946 406 1026 (aliis
434 949 513 1006 enim
528 949 654 1022 chartis,
680 951 741 1010 aliis
770 969 834 1009 sum
862 951 961 1010 litteris
989 947 1138 1026 initiatus),

98 1066 130 1116 30
139 1065 294 1123 coeperam
329 1049 414 1105 etiam
449 1048 542 1106 itineri
577 1069 625 1108 me
660 1069 841 1126 praeparare.
893 1048 971 1107 Nam
1006 1047 1139 1107 includor

139 1145 279 1221 angustiis
304 1155 484 1206 commeatus
505 1166 599 1225 eoque
621 1150 696 1227 ipso,
718 1151 798 1226 quod
819 1149 985 1224 delegatum
1006 1147 1137 1206 Cornuto

139 1244 226 1302 audio
262 1243 398 1314 officium,
430 1247 488 1303 mei
523 1247 693 1306 admoneor.
750 1247 846 1324 Cupio
875 1256 903 1304 te
935 1265 1052 1322 quoque
1084 1247 1138 1304 sub

139 1343 217 1402 idem
251 1351 366 1418 tempus
398 1341 560 1419 Campania
591 1356 641 1404 tua
671 1347 804 1419 remittat,
834 1365 872 1404 ne
907 1347 979 1421 quis,
1010 1362 1077 1404 cum
1108 1343 1138 1400 in

139 1442 242 1500 urbem
263 1441 383 1511 rediero,
405 1443 596 1502 contubernio
617 1455 717 1505 nostro
739 1447 801 1505 dies
821 1455 928 1524 pereat.
974 1443 1056 1502 Vale.

397 1614 464 1750 Χ
463 1666 517 1723 49.
561 1663 689 1743 (soor
712 1681 738 1740 5.
764 1663 821 1746 1⁶.)

174 1791 248 1856 Pliny
260 1806 384 1856 expresses
395 1792 456 1842 with
467 1795 517 1844 real
529 1795 620 1861 feeling
631 1797 670 1846 his
686 1797 751 1862 grief
762 1797 801 1847 for
812 1797 853 1845 the
869 1796 943 1845 death
956 1811 988 1845 on
999 1794 1041 1843 the
1052 1809 1096 1842 eve
1114 1791 1143 1841 of

336 1877 458 1941 marriage
470 1877 499 1926 of
507 1879 656 1928 Fundanius'
668 1880 796 1944 charming
807 1879 935 1943 daughter.

96 1993 108 2059 ι’
145 2010 168 2071 s
399 2014 423 2054 c.
445 2015 556 2056 annuus
577 2016 763 2057 nnncnnnruo
785 2015 839 2056 suo
860 2013 882 2055 S.

182 2127 377 2188 Tristissimus
397 2130 469 2189 haec
491 2131 542 2189 tibi
563 2132 657 2190 scribo
681 2130 815 2189 Fundani
837 2128 929 2187 nostri
949 2128 1006 2186 filia
1026 2127 1139 2186 minore

141 2227 285 2288 defuncta.
343 2231 411 2303 Qua
441 2233 536 2308 puella
565 2232 635 2291 nihil
664 2250 805 2309 umquam
829 2230 966 2300 festivius,
988 2229 1138 2288 amabilius

140 2345 195 2386 nec
224 2328 314 2388 modo
339 2329 471 2406 longiore
495 2333 561 2403 vita,
584 2332 636 2391 sed
662 2350 754 2408 prope
784 2331 996 2389 immortalitate
1021 2329 1138 2404 dignius

141 2427 206 2484 vidi.
250 2426 392 2487 Nondum
413 2448 506 2489 annos
528 2431 758 2506 quattuordecim
780 2430 957 2506 impleverat,
972 2438 1000 2486 et
1020 2428 1078 2485 iam
1099 2426 1138 2484 illi

116 2525 222 2589 sanilis
244 2526 405 2601 prudentia,
423 2530 590 2588 matronalis
611 2531 735 2606 gravitas
756 2539 826 2598 erat,
845 2537 872 2587 et
894 2526 1137 2590 tamensuavitas

139 2625 273 2701 puellaris
294 2646 362 2687 cum
382 2629 511 2705 virginali
525 2629 708 2687 verecundia.
750 2627 791 2686 Ut
809 2627 857 2685 illa
875 2625 964 2703 patris
979 2625 1137 2682 cervicibus

139 2725 324 2784 inhaerebat!
366 2727 407 2786 Ut
422 2747 478 2788 nos
493 2729 604 2787 amicos
618 2738 756 2804 paternos
771 2736 800 2785 et
819 2735 948 2784 amanter
962 2734 991 2782 et
1004 2724 1136 2782 modeste

139 2826 399 2902 complectebaturl
432 2828 473 2887 Ut
483 2830 617 2900 nutrices,
629 2840 661 2887 ut
675 2827 872 2904 paedagogos,
886 2834 918 2882 ut
933 2834 1137 2900 praeceptores

138 2943 193 3001 pro
217 2944 270 2983 suo
293 2945 437 3003 quemque
459 2927 555 2986 officio
577 2928 731 3004 diligebat!
775 2927 873 2999 Quam
894 2925 1030 2995 studiose,
1046 2941 1135 3001 quarn

98 3045 128 3080 10
137 3025 336 3102 intellegenter
350 3027 510 3085 lectitabat!
541 3027 582 3085 Ut
596 3047 683 3104 parce
695 3027 894 3103 custoditeque
905 3025 1038 3084 ludebatl
1069 3023 1136 3095 Qua

136 3123 184 3182 illa
205 3127 402 3201 temperantia,
424 3145 482 3202 qua
502 3126 647 3201 patientia,
671 3145 729 3202 qua
750 3125 835 3211 etiam
857 3125 1018 3184 constantia
1039 3123 1135 3180 novis·

136 3224 242 3282 simam
263 3225 455 3283 valetudinem
476 3225 553 3284 tulit!
607 3225 732 3284 Medicis
752 3225 974 3301 obsequebatur,
996 3239 1135 3291 sororem,

135 3332 248 3399 patrem
262 3323 469 3383 adhortabatur
483 3325 634 3401 ipsamque
655 3343 685 3382 se
705 3323 869 3383 destitutam
885 3323 1014 3398 corporis
1029 3321 1135 3380 viribus

135 3422 235 3499 vigore
250 3423 338 3480 animi
353 3424 518 3482 sustinebat.
561 3423 682 3482 Duravit
695 3423 742 3482 hic
757 3424 901 3499 illiusque
920 3423 958 3481 ad
973 3431 1134 3479 extremum

96 3538 124 3589 15
135 3539 191 3579 nec
206 3529 255 3580 aut
270 3522 363 3597 spatio
378 3524 548 3582 valetudinis
567 3534 616 3582 aut
634 3533 714 3582 metu
732 3522 833 3581 mortis
856 3521 992 3580 infractus
1007 3533 1059 3592 est,
1074 3540 1133 3597 quo

133 3619 231 3698 plures
253 3621 456 3700 gravioresque
477 3624 564 3683 nobis
585 3643 687 3683 causas
707 3624 880 3701 relinqueret
901 3631 930 3682 et
951 3618 1085 3682 desiderii
1107 3631 1135 3680 et
