2636 3980
185 170 344 220 LETTERS
367 171 411 221 ΟΡ
433 173 462 222 C.
479 172 624 220 PLINIUS
646 170 832 220 CAECILIUS
853 171 1044 220 SECUNDUS.
1082 172 1124 238 47

454 401 506 455 34.
548 392 678 483 <Boon
700 413 726 468 3.
750 391 810 472 20.)

162 521 234 587 Pliny
253 525 341 574 relatos
359 525 419 574 with
437 541 505 574 some
527 525 705 590 apprehension
725 525 769 574 the
791 525 884 574 sudden
907 523 1026 589 adoption
1044 523 1074 572 of
1086 525 1128 574 the

130 604 209 654 hallot
226 605 260 671 by
277 607 318 656 the
335 614 417 657 senate
434 607 459 657 in
476 607 518 657 the
537 608 641 657 eleetion
659 607 688 657 of
705 608 867 672 magistrates,
886 607 934 656 and
951 623 1073 672 expresses
1090 607 1128 655 his

131 687 295 749 gratification
315 698 341 740 at
359 690 451 755 having
470 690 547 740 found
567 691 708 755 something
726 691 755 739 of
770 691 883 755 politieal
900 691 998 740 interest
1015 698 1042 739 to
1059 691 1129 739 write

132 771 216 830 about,
227 789 287 822 even
299 774 376 822 under
387 790 419 823 an
430 775 542 838 imperial
555 774 653 838 regime.

362 910 387 952 C.
409 911 523 953 PLINIUS*
542 912 641 954 uusslo
663 912 778 955 MAXIMO
798 913 851 955 SUO
872 913 894 954 S.

173 1021 370 1085 Meministine
392 1036 420 1086 te
432 1013 530 1104 'saepe
550 1026 665 1103 legisse,
685 1038 808 1104 quantas
831 1028 1031 1086 contentiones
1053 1027 1130 1085 exei-

132 1124 197 1182 tarit
223 1124 270 1182 lex
298 1125 443 1184 tabellaria
471 1134 668 1202 quantumque
695 1127 750 1202 ipsi
779 1127 860 1184 latori
888 1127 934 1184 vel
955 1127 1063 1202 gloriae
1085 1126 1130 1184 vel

132 1222 364 1298 reprehensionis
379 1223 501 1281 attulerit
510 1211 531 1280 i'
563 1223 602 1280 At
617 1224 739 1281 nuncin
754 1234 856 1282 senatu
871 1225 932 1284 sine
947 1224 1005 1282 ulla
1020 1224 1130 1282 dissen-

135 1321 215 1378 sione
231 1320 287 1379 hoc
301 1320 379 1380 idem
393 1333 424 1380 ut
443 1322 586 1398 optimum
605 1322 731 1399 placuit:
757 1340 860 1382 omnes
882 1323 1065 1382 comitiorum
1084 1321 1130 1379 die

111 1418 253 1482 stabellas
277 1420 502 1495 postulaverunt.
549 1420 775 1480 Excesseramus
800 1439 870 1480 sane
895 1421 1056 1480 manifestis
1078 1420 1131 1478 illis

135 1519 297 1595 apertisque
332 1520 473 1595 suffragiis
507 1521 652 1579 licentiam
681 1521 860 1579 contionum.
917 1520 988 1578 Non
1015 1531 1132 1596 tempus

135 1617 282 1693 loquendi,
303 1637 365 1676 non
387 1618 502 1677 tacendi
525 1619 678 1690 modestia,
699 1637 760 1677 non
782 1619 907 1695 denique
929 1618 1049 1678 sedendi
1071 1618 1133 1694 dig·

135 1716 209 1774 nitas
234 1717 454 1775 custodiebatur.
507 1717 609 1793 Magni
634 1717 762 1793 undique
787 1717 954 1793 dissonique
982 1718 1132 1787 clamores,

135 1815 342 1892 procurrebant
364 1833 468 1874 omues
491 1834 556 1873 curn
581 1816 639 1874 suis
664 1814 832 1882 candidatis,
853 1815 944 1873 multa
966 1817 1083 1892 agmina
1103 1816 1134 1872 in

97 1941 128 1978 10
136 1913 234 1972 medio
248 1913 386 1989 multique
401 1914 499 1972 circuli
519 1924 547 1972 et
566 1913 705 1972 indecora
719 1913 870 1971 confusio:
900 1913 974 1972 adeo
992 1913 1134 1972 desciver-

137 2029 220 2071 amus
236 2030 253 2070 a
272 2012 480 2071 consuetudine
501 2021 661 2089 parentum,
675 2011 753 2087 apud
775 2029 850 2086 quos
871 2012 972 2069 omnia
993 2011 1135 2088 disposita

137 2111 289 2170 moderata
301 2111 456 2188 tranquilla
470 2111 649 2168 maiestatem
668 2110 724 2168 loci
744 2110 944 2186 pudoremque
966 2111 1136 2168 retinebant.

139 2210 300 2287 Supersunt
328 2227 421 2280 senes,
450 2228 487 2268 ex
516 2209 621 2285 quibus
650 2209 748 2266 audire
777 2209 858 2267 soleo
890 2209 968 2268 hunc
1003 2208 1135 2266 ordinem

138 2310 340 2370 comitiorum:
376 2309 462 2366 citato
487 2308 607 2366 nomine
632 2308 778 2367 candidati
802 2307 945 2366 silentium
971 2325 1135 2380 summum;

96 2433 126 2481 ¹⁵
138 2409 253 2467 dicebat
272 2408 334 2485 ipse
355 2425 411 2484 pro
431 2426 471 2477 se,
486 2407 650 2483 explicabat
664 2407 750 2464 vitam
772 2424 864 2478 suam,
879 2415 966 2464 testes
988 2416 1016 2464 et
1037 2406 1137 2464 lauda·

138 2520 217 2565 tores
231 2506 318 2565 dabat
332 2507 377 2563 vel
398 2523 464 2564 eum
486 2506 540 2563 sub
555 2523 614 2581 quo
634 2505 801 2563 militaverat
815 2504 858 2562 vel
879 2522 945 2563 eum
968 2505 1015 2562 cui
1035 2522 1137 2580 quaes-

138 2618 185 2665 tor
208 2603 299 2662 fuerat
322 2604 367 2662 vel
394 2615 556 2680 utrumque,
582 2604 605 2661 si
630 2612 752 2680 poterat,
776 2602 901 2660 addebat
929 2602 1071 2678 quosdam
1100 2621 1136 2660 ex

139 2701 395 2779 suffragatoribus:
429 2702 468 2760 illi
496 2701 619 2778 graviter
646 2710 674 2759 et
698 2700 799 2777 paucis
827 2700 1026 2775 loquebantur.
1069 2698 1138 2756 Plus

138 2802 198 2860 hoc
213 2819 300 2878 quarn
317 2819 418 2877 preces
437 2801 582 2876 proderat.
625 2798 696 2856 Non
717 2797 878 2874 numquam
899 2798 1069 2858 candidatus
1089 2805 1138 2855 aut

97 2924 130 2959 20
140 2899 250 2959 natales
278 2899 476 2976 competitoris
500 2908 549 2955 aut
574 2915 666 2956 annos
691 2906 745 2954 aut
765 2898 855 2956 etiam
872 2915 970 2955 mores
992 2896 1138 2973 arguebat.

140 2998 287 3060 Audiebat
318 3009 435 3057 senatus
471 2997 608 3074 gravitate
631 2997 771 3054 censoria.
827 2995 873 3080 Ita
906 2997 1023 3072 saepius
1059 2994 1139 3070 digni

141 3115 230 3178 quarn
252 3098 368 3174 gratiosi
393 3096 604 3174 praevalebant.
657 3094 742 3166 Quae
762 3113 842 3180 nuuc
868 3095 1017 3152 inmodico
1042 3093 1139 3181 favpre

141 3207 278 3273 corrupta
306 3196 344 3254 ad
371 3196 458 3255 tacita
483 3193 620 3270 suffragia
644 3194 726 3269 quasi
750 3193 787 3262 ad
815 3194 975 3254 remedium
1001 3193 1145 3251 decucur÷

141 3306 257 3368 rerunt;
301 3296 381 3371 quod
409 3294 523 3353 interim
551 3293 636 3369 plane
669 3292 829 3350 remedium
864 3292 932 3350 fuit:
975 3300 1036 3349 erat
1063 3289 1140 3348 enim

99 3414 253 3469 a5novum
275 3404 304 3453 et
323 3395 457 3453 subitum.
500 3390 559 3450 Sed
579 3409 680 3449 vereor
699 3410 736 3448 ne
755 3391 931 3467 procedente
950 3397 1083 3466 tempore
1104 3406 1141 3446 ex

143 3503 210 3575 ipso
238 3494 367 3554 remedio
395 3493 462 3552 vitia
496 3501 661 3552 nascantur.
690 3549 691 3554 χ
715 3489 769 3550 Est
803 3489 882 3548 enirn
916 3487 1078 3570 periculum
1104 3505 1141 3545 ne
1184 3561 1192 3572 η

144 3593 240 3654 tacitis
269 3592 412 3670 suffragiis
440 3591 609 3668 inpudentia
636 3587 756 3667 inrepat.
811 3587 890 3648 Nam
917 3587 1142 3673 quotocuique
