<?xml version="1.0" encoding="UTF-8"?>
<!DOCTYPE html PUBLIC "-//W3C//DTD XHTML 1.0 Transitional//EN"
    "http://www.w3.org/TR/xhtml1/DTD/xhtml1-transitional.dtd">
<html xmlns="http://www.w3.org/1999/xhtml" xml:lang="en" lang="en">
 <head>
  <title>
</title>
<meta http-equiv="Content-Type" content="text/html;charset=utf-8" />
  <meta name='ocr-system' content='tesseract 3.04.00' />
  <meta name='ocr-capabilities' content='ocr_page ocr_carea ocr_par ocr_line ocrx_word'/>
</head>
<body>
  <div class='ocr_page' id='page_1' title='image "./selectedletters02plingoog_0068.png"; bbox 0 0 2636 3980; ppageno 0'>
   <div class='ocr_carea' id='block_1_1' title="bbox 183 198 1125 274">
    <p class='ocr_par' dir='ltr' id='par_1_1' title="bbox 183 198 1125 274">
     <span class='ocr_line' id='line_1_1' title="bbox 183 198 1125 274; baseline 0.007 -28"><span class='ocrx_word' id='word_1_1' title='bbox 183 198 342 247; x_wconf 82' lang='lat' dir='ltr'><em>LETTERS</em></span> <span class='ocrx_word' id='word_1_2' title='bbox 366 200 409 247; x_wconf 84' lang='lat' dir='ltr'>OF</span> <span class='ocrx_word' id='word_1_3' title='bbox 432 203 459 253; x_wconf 88' lang='lat' dir='ltr'>C.</span> <span class='ocrx_word' id='word_1_4' title='bbox 475 200 621 248; x_wconf 86' lang='lat' dir='ltr'><em>PLINIUS</em></span> <span class='ocrx_word' id='word_1_5' title='bbox 646 199 831 248; x_wconf 85' lang='lat' dir='ltr'><em>CAECILIUS</em></span> <span class='ocrx_word' id='word_1_6' title='bbox 853 201 1043 253; x_wconf 83' lang='lat' dir='ltr'><em>SECUNDUS.</em></span> <span class='ocrx_word' id='word_1_7' title='bbox 1086 206 1125 274; x_wconf 82' lang='grc'>51</span> 
     </span>
    </p>
   </div>
   <div class='ocr_carea' id='block_1_2' title="bbox 82 360 1130 2420">
    <p class='ocr_par' dir='ltr' id='par_1_2' title="bbox 92 360 1130 831">
     <span class='ocr_line' id='line_1_2' title="bbox 92 360 1130 437; baseline 0.01 -22"><span class='ocrx_word' id='word_1_8' title='bbox 92 382 122 415; x_wconf 93' lang='lat'>10</span> <span class='ocrx_word' id='word_1_9' title='bbox 131 360 329 418; x_wconf 88' lang='lat' dir='ltr'>vocalissimus</span> <span class='ocrx_word' id='word_1_10' title='bbox 344 360 446 436; x_wconf 91' lang='lat' dir='ltr'>aliquis</span> <span class='ocrx_word' id='word_1_11' title='bbox 458 379 494 418; x_wconf 88' lang='lat' dir='ltr'>ex</span> <span class='ocrx_word' id='word_1_12' title='bbox 509 361 588 436; x_wconf 91' lang='lat' dir='ltr'>ipsis,</span> <span class='ocrx_word' id='word_1_13' title='bbox 605 362 654 437; x_wconf 90' lang='lat' dir='ltr'>qui</span> <span class='ocrx_word' id='word_1_14' title='bbox 668 361 775 436; x_wconf 88' lang='lat' dir='ltr'>legeret</span> <span class='ocrx_word' id='word_1_15' title='bbox 790 379 857 418; x_wconf 91' lang='lat' dir='ltr'>eum</span> <span class='ocrx_word' id='word_1_16' title='bbox 871 362 999 437; x_wconf 92' lang='lat' dir='ltr'>populo:</span> <span class='ocrx_word' id='word_1_17' title='bbox 1022 363 1130 424; x_wconf 88' lang='lat' dir='ltr'>factum</span> 
     </span>
     <span class='ocr_line' id='line_1_3' title="bbox 131 459 1130 536; baseline 0.006 -19"><span class='ocrx_word' id='word_1_18' title='bbox 131 469 181 518; x_wconf 92' lang='lat' dir='ltr'>est.</span> <span class='ocrx_word' id='word_1_19' title='bbox 239 459 328 517; x_wconf 90' lang='lat' dir='ltr'>Hanc</span> <span class='ocrx_word' id='word_1_20' title='bbox 356 460 401 517; x_wconf 90' lang='lat' dir='ltr'>ille</span> <span class='ocrx_word' id='word_1_21' title='bbox 429 461 496 532; x_wconf 82' lang='lat' dir='ltr'>vim,</span> <span class='ocrx_word' id='word_1_22' title='bbox 526 478 577 518; x_wconf 91' lang='lat' dir='ltr'>seu</span> <span class='ocrx_word' id='word_1_23' title='bbox 605 480 664 536; x_wconf 93' lang='lat' dir='ltr'>quo</span> <span class='ocrx_word' id='word_1_24' title='bbox 693 459 749 518; x_wconf 90' lang='lat' dir='ltr'>alio</span> <span class='ocrx_word' id='word_1_25' title='bbox 779 461 898 518; x_wconf 90' lang='lat' dir='ltr'>nomine</span> <span class='ocrx_word' id='word_1_26' title='bbox 927 463 1060 522; x_wconf 89' lang='lat' dir='ltr'>vocanda</span> <span class='ocrx_word' id='word_1_27' title='bbox 1087 475 1130 523; x_wconf 92' lang='lat' dir='ltr'>est</span> 
     </span>
     <span class='ocr_line' id='line_1_4' title="bbox 131 557 1129 636; baseline 0.008 -22"><span class='ocrx_word' id='word_1_28' title='bbox 131 557 252 616; x_wconf 90' lang='lat' dir='ltr'>intentio</span> <span class='ocrx_word' id='word_1_29' title='bbox 282 559 423 634; x_wconf 91' lang='lat' dir='ltr'>quidquid</span> <span class='ocrx_word' id='word_1_30' title='bbox 450 560 519 619; x_wconf 82' lang='lat' dir='ltr'>velis</span> <span class='ocrx_word' id='word_1_31' title='bbox 547 558 705 626; x_wconf 89' lang='lat' dir='ltr'>obtinendi,</span> <span class='ocrx_word' id='word_1_32' title='bbox 735 559 758 616; x_wconf 91' lang='lat' dir='ltr'>si</span> <span class='ocrx_word' id='word_1_33' title='bbox 786 558 824 616; x_wconf 89' lang='lat' dir='ltr'>ad</span> <span class='ocrx_word' id='word_1_34' title='bbox 851 559 966 636; x_wconf 89' lang='lat' dir='ltr'>potiora</span> <span class='ocrx_word' id='word_1_35' title='bbox 990 564 1129 634; x_wconf 88' lang='lat' dir='ltr'>vertisset,</span> 
     </span>
     <span class='ocr_line' id='line_1_5' title="bbox 130 656 1130 735; baseline 0.007 -21"><span class='ocrx_word' id='word_1_36' title='bbox 130 667 271 732; x_wconf 91' lang='lat' dir='ltr'>quantum</span> <span class='ocrx_word' id='word_1_37' title='bbox 284 660 355 717; x_wconf 93' lang='lat' dir='ltr'>boni</span> <span class='ocrx_word' id='word_1_38' title='bbox 370 659 482 717; x_wconf 88' lang='lat' dir='ltr'>efficere</span> <span class='ocrx_word' id='word_1_39' title='bbox 494 658 651 735; x_wconf 86' lang='lat' dir='ltr'>potuisset!</span> <span class='ocrx_word' id='word_1_40' title='bbox 674 656 859 731; x_wconf 80' lang='lat' dir='ltr'><strong>Quamquam</strong></span> <span class='ocrx_word' id='word_1_41' title='bbox 873 658 969 715; x_wconf 90' lang='lat' dir='ltr'>minor</span> <span class='ocrx_word' id='word_1_42' title='bbox 983 659 1024 718; x_wconf 89' lang='lat' dir='ltr'>vis</span> <span class='ocrx_word' id='word_1_43' title='bbox 1044 662 1130 721; x_wconf 92' lang='lat' dir='ltr'>bonis</span> 
     </span>
     <span class='ocr_line' id='line_1_6' title="bbox 129 743 1130 831; baseline 0.003 -18"><span class='ocrx_word' id='word_1_44' title='bbox 129 774 217 831; x_wconf 83' lang='lat' dir='ltr'>quam</span> <span class='ocrx_word' id='word_1_45' title='bbox 232 757 315 815; x_wconf 85' lang='lat' dir='ltr'>malls</span> <span class='ocrx_word' id='word_1_46' title='bbox 328 759 411 829; x_wconf 75' lang='lat' dir='ltr'>inest,</span> <span class='ocrx_word' id='word_1_47' title='bbox 426 778 461 817; x_wconf 84' lang='lat' dir='ltr'>ac</span> <span class='ocrx_word' id='word_1_48' title='bbox 475 761 548 817; x_wconf 84' lang='lat' dir='ltr'>sicut</span> <span class='ocrx_word' id='word_1_49' title='bbox 567 743 660 827; x_wconf 68' lang='grc' dir='ltr'>ἆμαθία</span> <span class='ocrx_word' id='word_1_50' title='bbox 680 758 726 826; x_wconf 77' lang='grc' dir='ltr'>μὲν</span> <span class='ocrx_word' id='word_1_51' title='bbox 747 757 849 829; x_wconf 80' lang='grc' dir='ltr'>θράσος,</span> <span class='ocrx_word' id='word_1_52' title='bbox 865 759 991 829; x_wconf 80' lang='grc' dir='ltr'>λογισμὸς</span> <span class='ocrx_word' id='word_1_53' title='bbox 1012 760 1039 814; x_wconf 78' lang='grc' dir='ltr'>δὲ</span> <span class='ocrx_word' id='word_1_54' title='bbox 1057 759 1130 816; x_wconf 76' lang='grc' dir='ltr'>ὄκνον</span> 
     </span>
    </p>

    <p class='ocr_par' dir='ltr' id='par_1_3' title="bbox 91 853 1129 1331">
     <span class='ocr_line' id='line_1_7' title="bbox 91 853 1129 934; baseline 0.007 -27"><span class='ocrx_word' id='word_1_55' title='bbox 91 855 211 928; x_wconf 73' lang='grc' dir='ltr'>ι5φέρεὶ,</span> <span class='ocrx_word' id='word_1_56' title='bbox 228 857 266 914; x_wconf 89' lang='lat' dir='ltr'>ita</span> <span class='ocrx_word' id='word_1_57' title='bbox 285 867 363 915; x_wconf 88' lang='lat' dir='ltr'>recta</span> <span class='ocrx_word' id='word_1_58' title='bbox 383 858 501 934; x_wconf 89' lang='lat' dir='ltr'>ingenia</span> <span class='ocrx_word' id='word_1_59' title='bbox 523 857 650 916; x_wconf 88' lang='lat' dir='ltr'>debilitat</span> <span class='ocrx_word' id='word_1_60' title='bbox 670 853 850 924; x_wconf 88' lang='lat' dir='ltr'>verecundia,</span> <span class='ocrx_word' id='word_1_61' title='bbox 870 873 1004 930; x_wconf 91' lang='lat' dir='ltr'>perversa</span> <span class='ocrx_word' id='word_1_62' title='bbox 1026 859 1129 916; x_wconf 90' lang='lat' dir='ltr'>confir-</span> 
     </span>
     <span class='ocr_line' id='line_1_8' title="bbox 128 954 1129 1033; baseline 0.008 -23"><span class='ocrx_word' id='word_1_63' title='bbox 128 963 188 1011; x_wconf 91' lang='lat' dir='ltr'>mat</span> <span class='ocrx_word' id='word_1_64' title='bbox 210 955 338 1014; x_wconf 88' lang='lat' dir='ltr'>audacia.</span> <span class='ocrx_word' id='word_1_65' title='bbox 380 955 524 1033; x_wconf 84' lang='lat' dir='ltr'>Exemplo</span> <span class='ocrx_word' id='word_1_66' title='bbox 547 967 590 1015; x_wconf 89' lang='lat' dir='ltr'>est</span> <span class='ocrx_word' id='word_1_67' title='bbox 613 956 752 1032; x_wconf 88' lang='lat' dir='ltr'>Regulus.</span> <span class='ocrx_word' id='word_1_68' title='bbox 795 954 968 1013; x_wconf 91' lang='lat' dir='ltr'>Inbecillum</span> <span class='ocrx_word' id='word_1_69' title='bbox 990 956 1072 1030; x_wconf 88' lang='lat' dir='ltr'>latus,</span> <span class='ocrx_word' id='word_1_70' title='bbox 1094 977 1129 1018; x_wconf 94' lang='lat' dir='ltr'>os</span> 
     </span>
     <span class='ocr_line' id='line_1_9' title="bbox 129 1051 1129 1134; baseline 0.008 -24"><span class='ocrx_word' id='word_1_71' title='bbox 129 1051 292 1126; x_wconf 85' lang='lat' dir='ltr'>confusum,</span> <span class='ocrx_word' id='word_1_72' title='bbox 321 1055 467 1115; x_wconf 79' lang='lat' dir='ltr'>haesitans</span> <span class='ocrx_word' id='word_1_73' title='bbox 497 1057 604 1133; x_wconf 87' lang='lat' dir='ltr'>lingua,</span> <span class='ocrx_word' id='word_1_74' title='bbox 630 1055 793 1114; x_wconf 85' lang='lat' dir='ltr'>tardissima</span> <span class='ocrx_word' id='word_1_75' title='bbox 825 1054 962 1134; x_wconf 81' lang='lat' dir='ltr'>inventio,</span> <span class='ocrx_word' id='word_1_76' title='bbox 987 1059 1129 1118; x_wconf 90' lang='lat' dir='ltr'>memoria</span> 
     </span>
     <span class='ocr_line' id='line_1_10' title="bbox 127 1151 1127 1231; baseline 0.008 -23"><span class='ocrx_word' id='word_1_77' title='bbox 127 1151 214 1221; x_wconf 91' lang='lat' dir='ltr'>nulla,</span> <span class='ocrx_word' id='word_1_78' title='bbox 229 1153 299 1211; x_wconf 90' lang='lat' dir='ltr'>nihil</span> <span class='ocrx_word' id='word_1_79' title='bbox 314 1154 440 1230; x_wconf 92' lang='lat' dir='ltr'>denique</span> <span class='ocrx_word' id='word_1_80' title='bbox 454 1165 567 1231; x_wconf 91' lang='lat' dir='ltr'>praeter</span> <span class='ocrx_word' id='word_1_81' title='bbox 581 1156 731 1231; x_wconf 80' lang='lat' dir='ltr'>ingenium</span> <span class='ocrx_word' id='word_1_82' title='bbox 750 1155 903 1224; x_wconf 88' lang='lat' dir='ltr'>insanum;</span> <span class='ocrx_word' id='word_1_83' title='bbox 931 1163 960 1211; x_wconf 91' lang='lat' dir='ltr'>et</span> <span class='ocrx_word' id='word_1_84' title='bbox 979 1163 1077 1214; x_wconf 88' lang='lat' dir='ltr'>tamen</span> <span class='ocrx_word' id='word_1_85' title='bbox 1091 1176 1127 1216; x_wconf 90' lang='lat' dir='ltr'>eo</span> 
     </span>
     <span class='ocr_line' id='line_1_11' title="bbox 127 1251 1127 1331; baseline 0.008 -24"><span class='ocrx_word' id='word_1_86' title='bbox 127 1251 307 1327; x_wconf 90' lang='lat' dir='ltr'>impudentia</span> <span class='ocrx_word' id='word_1_87' title='bbox 328 1253 451 1330; x_wconf 91' lang='lat' dir='ltr'>ipsoque</span> <span class='ocrx_word' id='word_1_88' title='bbox 471 1255 520 1313; x_wconf 93' lang='lat' dir='ltr'>illo</span> <span class='ocrx_word' id='word_1_89' title='bbox 540 1253 635 1312; x_wconf 89' lang='lat' dir='ltr'>furore</span> <span class='ocrx_word' id='word_1_90' title='bbox 656 1254 794 1331; x_wconf 89' lang='lat' dir='ltr'>pervenit,</span> <span class='ocrx_word' id='word_1_91' title='bbox 809 1262 841 1310; x_wconf 94' lang='lat' dir='ltr'>ut</span> <span class='ocrx_word' id='word_1_92' title='bbox 862 1263 959 1310; x_wconf 92' lang='lat' dir='ltr'>orator</span> <span class='ocrx_word' id='word_1_93' title='bbox 979 1253 1127 1315; x_wconf 86' lang='lat' dir='ltr'>habeatur.</span> 
     </span>
    </p>

    <p class='ocr_par' dir='ltr' id='par_1_4' title="bbox 87 1347 1127 1826">
     <span class='ocr_line' id='line_1_12' title="bbox 87 1347 1127 1425; baseline 0.004 -19"><span class='ocrx_word' id='word_1_94' title='bbox 87 1367 118 1400; x_wconf 86' lang='lat'>20</span> <span class='ocrx_word' id='word_1_95' title='bbox 127 1347 230 1425; x_wconf 89' lang='lat' dir='ltr'>Itaque</span> <span class='ocrx_word' id='word_1_96' title='bbox 250 1350 418 1411; x_wconf 89' lang='lat' dir='ltr'>Herennius</span> <span class='ocrx_word' id='word_1_97' title='bbox 442 1353 565 1413; x_wconf 89' lang='lat' dir='ltr'>Senecio</span> <span class='ocrx_word' id='word_1_98' title='bbox 586 1353 705 1411; x_wconf 86' lang='lat' dir='ltr'>mirifice</span> <span class='ocrx_word' id='word_1_99' title='bbox 721 1351 841 1412; x_wconf 91' lang='lat' dir='ltr'>Catonis</span> <span class='ocrx_word' id='word_1_100' title='bbox 862 1353 933 1411; x_wconf 93' lang='lat' dir='ltr'>illud</span> <span class='ocrx_word' id='word_1_101' title='bbox 954 1353 990 1412; x_wconf 91' lang='lat' dir='ltr'>de</span> <span class='ocrx_word' id='word_1_102' title='bbox 1012 1364 1127 1412; x_wconf 89' lang='lat' dir='ltr'>oratore</span> 
     </span>
     <span class='ocr_line' id='line_1_13' title="bbox 126 1449 1126 1523; baseline 0.005 -18"><span class='ocrx_word' id='word_1_103' title='bbox 126 1449 156 1505; x_wconf 92' lang='lat' dir='ltr'>in</span> <span class='ocrx_word' id='word_1_104' title='bbox 182 1450 260 1508; x_wconf 88' lang='lat' dir='ltr'>hune</span> <span class='ocrx_word' id='word_1_105' title='bbox 284 1470 300 1508; x_wconf 95' lang='lat' dir='ltr'>e</span> <span class='ocrx_word' id='word_1_106' title='bbox 326 1452 469 1510; x_wconf 88' lang='lat' dir='ltr'>contrario</span> <span class='ocrx_word' id='word_1_107' title='bbox 494 1453 584 1523; x_wconf 91' lang='lat' dir='ltr'>vertit,</span> <span class='ocrx_word' id='word_1_108' title='bbox 613 1458 727 1511; x_wconf 86' lang='lat' dir='ltr'>‘orator</span> <span class='ocrx_word' id='word_1_109' title='bbox 752 1462 795 1510; x_wconf 91' lang='lat' dir='ltr'>est</span> <span class='ocrx_word' id='word_1_110' title='bbox 819 1452 860 1510; x_wconf 88' lang='lat' dir='ltr'>vir</span> <span class='ocrx_word' id='word_1_111' title='bbox 889 1451 982 1510; x_wconf 91' lang='lat' dir='ltr'>malus</span> <span class='ocrx_word' id='word_1_112' title='bbox 1011 1452 1126 1510; x_wconf 90' lang='lat' dir='ltr'>dicendi</span> 
     </span>
     <span class='ocr_line' id='line_1_14' title="bbox 126 1548 1125 1627; baseline 0.005 -23"><span class='ocrx_word' id='word_1_113' title='bbox 126 1548 293 1624; x_wconf 71' lang='lat' dir='ltr'>imperitus!</span> <span class='ocrx_word' id='word_1_114' title='bbox 345 1549 416 1608; x_wconf 90' lang='lat' dir='ltr'>Non</span> <span class='ocrx_word' id='word_1_115' title='bbox 444 1551 609 1609; x_wconf 85' lang='lat' dir='ltr'>mehercule</span> <span class='ocrx_word' id='word_1_116' title='bbox 638 1550 713 1609; x_wconf 86' lang='lat' dir='ltr'>Cato</span> <span class='ocrx_word' id='word_1_117' title='bbox 742 1551 804 1627; x_wconf 92' lang='lat' dir='ltr'>ipse</span> <span class='ocrx_word' id='word_1_118' title='bbox 832 1560 892 1608; x_wconf 93' lang='lat' dir='ltr'>tam</span> <span class='ocrx_word' id='word_1_119' title='bbox 919 1552 995 1609; x_wconf 92' lang='lat' dir='ltr'>bene</span> <span class='ocrx_word' id='word_1_120' title='bbox 1023 1569 1125 1609; x_wconf 89' lang='lat' dir='ltr'>verum</span> 
     </span>
     <span class='ocr_line' id='line_1_15' title="bbox 125 1648 1126 1727; baseline 0.004 -23"><span class='ocrx_word' id='word_1_121' title='bbox 125 1658 279 1721; x_wconf 89' lang='lat' dir='ltr'>oratorem,</span> <span class='ocrx_word' id='word_1_122' title='bbox 295 1667 382 1725; x_wconf 88' lang='lat' dir='ltr'>quarn</span> <span class='ocrx_word' id='word_1_123' title='bbox 403 1650 450 1707; x_wconf 92' lang='lat' dir='ltr'>hic</span> <span class='ocrx_word' id='word_1_124' title='bbox 472 1650 619 1726; x_wconf 87' lang='lat' dir='ltr'>Regulum</span> <span class='ocrx_word' id='word_1_125' title='bbox 641 1650 790 1727; x_wconf 86' lang='lat' dir='ltr'>expressit.</span> <span class='ocrx_word' id='word_1_126' title='bbox 833 1648 974 1708; x_wconf 90' lang='lat' dir='ltr'>Habesne</span> <span class='ocrx_word' id='word_1_127' title='bbox 996 1667 1055 1726; x_wconf 92' lang='lat' dir='ltr'>quo</span> <span class='ocrx_word' id='word_1_128' title='bbox 1075 1651 1126 1708; x_wconf 89' lang='lat' dir='ltr'>tali</span> 
     </span>
     <span class='ocr_line' id='line_1_16' title="bbox 124 1747 1125 1826; baseline 0.002 -21"><span class='ocrx_word' id='word_1_129' title='bbox 124 1747 264 1823; x_wconf 87' lang='lat' dir='ltr'>epistulae</span> <span class='ocrx_word' id='word_1_130' title='bbox 283 1767 382 1824; x_wconf 90' lang='lat' dir='ltr'>parem</span> <span class='ocrx_word' id='word_1_131' title='bbox 402 1750 525 1826; x_wconf 86' lang='lat' dir='ltr'>gratiam</span> <span class='ocrx_word' id='word_1_132' title='bbox 545 1749 671 1808; x_wconf 86' lang='lat' dir='ltr'>reseras?</span> <span class='ocrx_word' id='word_1_133' title='bbox 715 1748 826 1819; x_wconf 88' lang='lat' dir='ltr'>Habes,</span> <span class='ocrx_word' id='word_1_134' title='bbox 841 1749 864 1806; x_wconf 90' lang='lat' dir='ltr'>si</span> <span class='ocrx_word' id='word_1_135' title='bbox 879 1748 1034 1824; x_wconf 89' lang='lat' dir='ltr'>scripseris,</span> <span class='ocrx_word' id='word_1_136' title='bbox 1053 1767 1125 1807; x_wconf 91' lang='lat' dir='ltr'>num</span> 
     </span>
    </p>

    <p class='ocr_par' dir='ltr' id='par_1_5' title="bbox 84 1846 1124 2320">
     <span class='ocr_line' id='line_1_17' title="bbox 84 1846 1124 1923; baseline 0.001 -20"><span class='ocrx_word' id='word_1_137' title='bbox 84 1865 113 1913; x_wconf 84' lang='lat'>25</span> <span class='ocrx_word' id='word_1_138' title='bbox 124 1847 225 1922; x_wconf 86' lang='lat' dir='ltr'>aliquis</span> <span class='ocrx_word' id='word_1_139' title='bbox 250 1847 281 1904; x_wconf 93' lang='lat' dir='ltr'>in</span> <span class='ocrx_word' id='word_1_140' title='bbox 305 1848 463 1923; x_wconf 92' lang='lat' dir='ltr'>municipio</span> <span class='ocrx_word' id='word_1_141' title='bbox 488 1858 582 1906; x_wconf 92' lang='lat' dir='ltr'>vestro</span> <span class='ocrx_word' id='word_1_142' title='bbox 608 1867 644 1906; x_wconf 86' lang='lat' dir='ltr'>ex</span> <span class='ocrx_word' id='word_1_143' title='bbox 670 1846 816 1905; x_wconf 85' lang='lat' dir='ltr'>sodalibus</span> <span class='ocrx_word' id='word_1_144' title='bbox 840 1847 922 1918; x_wconf 89' lang='lat' dir='ltr'>meis,</span> <span class='ocrx_word' id='word_1_145' title='bbox 943 1865 1014 1904; x_wconf 93' lang='lat' dir='ltr'>num</span> <span class='ocrx_word' id='word_1_146' title='bbox 1036 1847 1124 1904; x_wconf 89' lang='lat' dir='ltr'>etiam</span> 
     </span>
     <span class='ocr_line' id='line_1_18' title="bbox 123 1945 1124 2022; baseline -0.001 -18"><span class='ocrx_word' id='word_1_147' title='bbox 123 1947 186 2021; x_wconf 90' lang='lat' dir='ltr'>ipse</span> <span class='ocrx_word' id='word_1_148' title='bbox 205 1956 236 2004; x_wconf 92' lang='lat' dir='ltr'>tu</span> <span class='ocrx_word' id='word_1_149' title='bbox 255 1946 332 2004; x_wconf 91' lang='lat' dir='ltr'>hunc</span> <span class='ocrx_word' id='word_1_150' title='bbox 351 1945 515 2004; x_wconf 90' lang='lat' dir='ltr'>luctuosum</span> <span class='ocrx_word' id='word_1_151' title='bbox 537 1945 642 2022; x_wconf 86' lang='lat' dir='ltr'>Reguli</span> <span class='ocrx_word' id='word_1_152' title='bbox 663 1946 766 2003; x_wconf 92' lang='lat' dir='ltr'>librum</span> <span class='ocrx_word' id='word_1_153' title='bbox 787 1954 818 2002; x_wconf 91' lang='lat' dir='ltr'>ut</span> <span class='ocrx_word' id='word_1_154' title='bbox 840 1945 991 2003; x_wconf 90' lang='lat' dir='ltr'>circulator</span> <span class='ocrx_word' id='word_1_155' title='bbox 1008 1945 1037 2002; x_wconf 91' lang='lat' dir='ltr'>in</span> <span class='ocrx_word' id='word_1_156' title='bbox 1059 1945 1124 2003; x_wconf 86' lang='lat' dir='ltr'>foro</span> 
     </span>
     <span class='ocr_line' id='line_1_19' title="bbox 122 2042 1124 2121; baseline -0.001 -20"><span class='ocrx_word' id='word_1_157' title='bbox 122 2044 235 2121; x_wconf 89' lang='lat' dir='ltr'>legeris,</span> <span class='ocrx_word' id='word_1_158' title='bbox 257 2047 352 2119; x_wconf 79' lang='grc' dir='ltr'>ἐπάρας</span> <span class='ocrx_word' id='word_1_159' title='bbox 373 2045 488 2116; x_wconf 90' lang='lat' dir='ltr'>scilicet,</span> <span class='ocrx_word' id='word_1_160' title='bbox 517 2054 549 2102; x_wconf 90' lang='lat' dir='ltr'>ut</span> <span class='ocrx_word' id='word_1_161' title='bbox 577 2045 616 2102; x_wconf 87' lang='lat' dir='ltr'>ait</span> <span class='ocrx_word' id='word_1_162' title='bbox 643 2042 868 2112; x_wconf 87' lang='lat' dir='ltr'>Demosthenes,</span> <span class='ocrx_word' id='word_1_163' title='bbox 891 2044 936 2114; x_wconf 79' lang='grc' dir='ltr'>τὴν</span> <span class='ocrx_word' id='word_1_164' title='bbox 963 2045 1051 2116; x_wconf 67' lang='grc' dir='ltr'>φωνὴν</span> <span class='ocrx_word' id='word_1_165' title='bbox 1082 2047 1124 2100; x_wconf 76' lang='grc' dir='ltr'>καὶ</span> 
     </span>
     <span class='ocr_line' id='line_1_20' title="bbox 122 2141 1123 2218; baseline 0.001 -19"><span class='ocrx_word' id='word_1_166' title='bbox 122 2146 237 2218; x_wconf 69' lang='grc' dir='ltr'>γεγηθὼς</span> <span class='ocrx_word' id='word_1_167' title='bbox 264 2147 304 2199; x_wconf 79' lang='grc' dir='ltr'>καὶ</span> <span class='ocrx_word' id='word_1_168' title='bbox 330 2147 499 2218; x_wconf 72' lang='grc' dir='ltr'>λαρυγγίζων.</span> <span class='ocrx_word' id='word_1_169' title='bbox 549 2143 602 2200; x_wconf 90' lang='lat' dir='ltr'>Est</span> <span class='ocrx_word' id='word_1_170' title='bbox 631 2143 710 2200; x_wconf 93' lang='lat' dir='ltr'>enim</span> <span class='ocrx_word' id='word_1_171' title='bbox 737 2151 797 2201; x_wconf 90' lang='lat' dir='ltr'>tam</span> <span class='ocrx_word' id='word_1_172' title='bbox 825 2141 949 2217; x_wconf 88' lang='lat' dir='ltr'>ineptus,</span> <span class='ocrx_word' id='word_1_173' title='bbox 974 2151 1006 2200; x_wconf 89' lang='lat' dir='ltr'>ut</span> <span class='ocrx_word' id='word_1_174' title='bbox 1033 2142 1123 2200; x_wconf 88' lang='lat' dir='ltr'>risum</span> 
     </span>
     <span class='ocr_line' id='line_1_21' title="bbox 122 2239 1123 2320; baseline 0.001 -21"><span class='ocrx_word' id='word_1_175' title='bbox 122 2242 216 2318; x_wconf 88' lang='lat' dir='ltr'>magis</span> <span class='ocrx_word' id='word_1_176' title='bbox 246 2243 338 2320; x_wconf 90' lang='lat' dir='ltr'>possit</span> <span class='ocrx_word' id='word_1_177' title='bbox 367 2243 527 2316; x_wconf 87' lang='lat' dir='ltr'>exprimere</span> <span class='ocrx_word' id='word_1_178' title='bbox 557 2259 646 2318; x_wconf 90' lang='lat' dir='ltr'>quam</span> <span class='ocrx_word' id='word_1_179' title='bbox 675 2239 831 2316; x_wconf 87' lang='lat' dir='ltr'>gemitum:</span> <span class='ocrx_word' id='word_1_180' title='bbox 864 2240 965 2298; x_wconf 91' lang='lat' dir='ltr'>credas</span> <span class='ocrx_word' id='word_1_181' title='bbox 995 2257 1056 2300; x_wconf 91' lang='lat' dir='ltr'>non</span> <span class='ocrx_word' id='word_1_182' title='bbox 1085 2241 1123 2300; x_wconf 90' lang='lat' dir='ltr'>de</span> 
     </span>
    </p>

    <p class='ocr_par' dir='ltr' id='par_1_6' title="bbox 82 2339 714 2420">
     <span class='ocr_line' id='line_1_22' title="bbox 82 2339 714 2420; baseline -0.009 -16"><span class='ocrx_word' id='word_1_183' title='bbox 82 2356 113 2404; x_wconf 82' lang='lat'>30</span> <span class='ocrx_word' id='word_1_184' title='bbox 121 2360 213 2419; x_wconf 90' lang='lat' dir='ltr'>puero</span> <span class='ocrx_word' id='word_1_185' title='bbox 228 2343 375 2420; x_wconf 90' lang='lat' dir='ltr'>scripturn,</span> <span class='ocrx_word' id='word_1_186' title='bbox 391 2341 442 2400; x_wconf 90' lang='lat' dir='ltr'>sed</span> <span class='ocrx_word' id='word_1_187' title='bbox 458 2360 474 2400; x_wconf 88' lang='lat' dir='ltr'>a</span> <span class='ocrx_word' id='word_1_188' title='bbox 489 2359 590 2418; x_wconf 88' lang='lat' dir='ltr'>puer0.</span> <span class='ocrx_word' id='word_1_189' title='bbox 631 2339 714 2398; x_wconf 83' lang='lat' dir='ltr'>Vale.</span> 
     </span>
    </p>
   </div>
   <div class='ocr_carea' id='block_1_3' title="bbox 444 2494 932 2659">
    <p class='ocr_par' dir='ltr' id='par_1_7' title="bbox 444 2494 932 2659">
     <span class='ocr_line' id='line_1_23' title="bbox 444 2494 932 2659; baseline -0.016 -18"><span class='ocrx_word' id='word_1_190' title='bbox 444 2588 496 2641; x_wconf 85' lang='grc'>38.</span> <span class='ocrx_word' id='word_1_191' title='bbox 541 2578 670 2654; x_wconf 81' lang='lat' dir='ltr'>(BOOK</span> <span class='ocrx_word' id='word_1_192' title='bbox 692 2597 719 2650; x_wconf 85' lang='lat'>4.</span> <span class='ocrx_word' id='word_1_193' title='bbox 743 2575 801 2654; x_wconf 79' lang='grc' dir='ltr'><strong>ιο.)</strong></span> <span class='ocrx_word' id='word_1_194' title='bbox 857 2494 932 2659; x_wconf 45' lang='grc' dir='ltr'><em>Χ</em></span> 
     </span>
    </p>
   </div>
   <div class='ocr_carea' id='block_1_4' title="bbox 118 2708 1121 2945">
    <p class='ocr_par' dir='ltr' id='par_1_8' title="bbox 118 2708 1121 2945">
     <span class='ocr_line' id='line_1_24' title="bbox 153 2708 1121 2776; baseline -0.001 -15"><span class='ocrx_word' id='word_1_195' title='bbox 153 2714 189 2762; x_wconf 85' lang='lat' dir='ltr'>As</span> <span class='ocrx_word' id='word_1_196' title='bbox 208 2729 224 2761; x_wconf 89' lang='lat' dir='ltr'>a</span> <span class='ocrx_word' id='word_1_197' title='bbox 241 2730 298 2762; x_wconf 90' lang='lat' dir='ltr'>man</span> <span class='ocrx_word' id='word_1_198' title='bbox 322 2713 351 2762; x_wconf 85' lang='lat' dir='ltr'>ol</span> <span class='ocrx_word' id='word_1_199' title='bbox 367 2714 463 2763; x_wconf 87' lang='lat' dir='ltr'>honour</span> <span class='ocrx_word' id='word_1_200' title='bbox 483 2713 554 2776; x_wconf 92' lang='lat' dir='ltr'>Pliny</span> <span class='ocrx_word' id='word_1_201' title='bbox 573 2717 662 2761; x_wconf 86' lang='lat' dir='ltr'>cannot</span> <span class='ocrx_word' id='word_1_202' title='bbox 684 2709 788 2758; x_wconf 88' lang='lat' dir='ltr'>hesitate</span> <span class='ocrx_word' id='word_1_203' title='bbox 811 2716 838 2758; x_wconf 94' lang='lat' dir='ltr'>to</span> <span class='ocrx_word' id='word_1_204' title='bbox 856 2710 912 2773; x_wconf 86' lang='lat' dir='ltr'>give</span> <span class='ocrx_word' id='word_1_205' title='bbox 932 2708 1061 2758; x_wconf 87' lang='lat' dir='ltr'>Modestus</span> <span class='ocrx_word' id='word_1_206' title='bbox 1081 2710 1121 2760; x_wconf 91' lang='lat' dir='ltr'>his</span> 
     </span>
     <span class='ocr_line' id='line_1_25' title="bbox 118 2791 1121 2860; baseline -0.001 -17"><span class='ocrx_word' id='word_1_207' title='bbox 118 2795 210 2859; x_wconf 84' lang='lat' dir='ltr'>liberty</span> <span class='ocrx_word' id='word_1_208' title='bbox 231 2797 280 2845; x_wconf 91' lang='lat' dir='ltr'>and</span> <span class='ocrx_word' id='word_1_209' title='bbox 303 2797 342 2846; x_wconf 91' lang='lat' dir='ltr'>his</span> <span class='ocrx_word' id='word_1_210' title='bbox 365 2797 459 2860; x_wconf 87' lang='lat' dir='ltr'>legacy‚</span> <span class='ocrx_word' id='word_1_211' title='bbox 483 2796 579 2859; x_wconf 89' lang='lat' dir='ltr'>though</span> <span class='ocrx_word' id='word_1_212' title='bbox 597 2793 708 2844; x_wconf 88' lang='lat' dir='ltr'>Sabina&#39;s</span> <span class='ocrx_word' id='word_1_213' title='bbox 728 2793 790 2841; x_wconf 90' lang='lat' dir='ltr'>wish</span> <span class='ocrx_word' id='word_1_214' title='bbox 813 2799 839 2841; x_wconf 96' lang='lat' dir='ltr'>to</span> <span class='ocrx_word' id='word_1_215' title='bbox 863 2793 918 2841; x_wconf 91' lang='lat' dir='ltr'>that</span> <span class='ocrx_word' id='word_1_216' title='bbox 941 2791 1011 2841; x_wconf 88' lang='lat' dir='ltr'>effect</span> <span class='ocrx_word' id='word_1_217' title='bbox 1033 2793 1054 2841; x_wconf 90' lang='lat' dir='ltr'>is</span> <span class='ocrx_word' id='word_1_218' title='bbox 1076 2800 1121 2842; x_wconf 92' lang='lat' dir='ltr'>not</span> 
     </span>
     <span class='ocr_line' id='line_1_26' title="bbox 118 2879 569 2945; baseline 0.002 -19"><span class='ocrx_word' id='word_1_219' title='bbox 118 2879 247 2942; x_wconf 90' lang='lat' dir='ltr'>expressed</span> <span class='ocrx_word' id='word_1_220' title='bbox 258 2879 283 2928; x_wconf 93' lang='lat' dir='ltr'>in</span> <span class='ocrx_word' id='word_1_221' title='bbox 296 2887 370 2928; x_wconf 90' lang='lat' dir='ltr'>terms</span> <span class='ocrx_word' id='word_1_222' title='bbox 382 2879 411 2928; x_wconf 84' lang='lat' dir='ltr'>ol</span> <span class='ocrx_word' id='word_1_223' title='bbox 419 2879 484 2945; x_wconf 88' lang='lat' dir='ltr'>legal</span> <span class='ocrx_word' id='word_1_224' title='bbox 496 2879 569 2927; x_wconf 83' lang='lat' dir='ltr'>force.</span> 
     </span>
    </p>
   </div>
   <div class='ocr_carea' id='block_1_5' title="bbox 358 3015 882 3059">
    <p class='ocr_par' dir='ltr' id='par_1_9' title="bbox 358 3015 882 3059">
     <span class='ocr_line' id='line_1_27' title="bbox 358 3015 882 3059; baseline -0.008 0"><span class='ocrx_word' id='word_1_225' title='bbox 358 3019 381 3059; x_wconf 85' lang='lat' dir='ltr'>C.</span> <span class='ocrx_word' id='word_1_226' title='bbox 405 3016 519 3058; x_wconf 84' lang='lat' dir='ltr'>PLINIUS</span> <span class='ocrx_word' id='word_1_227' title='bbox 538 3016 642 3058; x_wconf 89' lang='lat' dir='ltr'>STATIO</span> <span class='ocrx_word' id='word_1_228' title='bbox 664 3016 764 3056; x_wconf 81' lang='lat' dir='ltr'>SABINO</span> <span class='ocrx_word' id='word_1_229' title='bbox 786 3016 839 3056; x_wconf 87' lang='lat' dir='ltr'>SUO</span> <span class='ocrx_word' id='word_1_230' title='bbox 861 3015 882 3055; x_wconf 89' lang='lat' dir='ltr'>S.</span> 
     </span>
    </p>
   </div>
   <div class='ocr_carea' id='block_1_6' title="bbox 9 3125 1118 3782">
    <p class='ocr_par' dir='ltr' id='par_1_10' title="bbox 9 3125 1118 3703">
     <span class='ocr_line' id='line_1_28' title="bbox 160 3125 1118 3207; baseline -0.011 -13"><span class='ocrx_word' id='word_1_231' title='bbox 160 3135 269 3195; x_wconf 91' lang='lat' dir='ltr'>Scribis</span> <span class='ocrx_word' id='word_1_232' title='bbox 284 3133 353 3191; x_wconf 92' lang='lat' dir='ltr'>mihi</span> <span class='ocrx_word' id='word_1_233' title='bbox 375 3132 521 3201; x_wconf 90' lang='lat' dir='ltr'>Sabinam,</span> <span class='ocrx_word' id='word_1_234' title='bbox 538 3149 612 3207; x_wconf 90' lang='lat' dir='ltr'>quae</span> <span class='ocrx_word' id='word_1_235' title='bbox 634 3147 689 3186; x_wconf 91' lang='lat' dir='ltr'>nos</span> <span class='ocrx_word' id='word_1_236' title='bbox 711 3128 823 3204; x_wconf 91' lang='lat' dir='ltr'>reliquit</span> <span class='ocrx_word' id='word_1_237' title='bbox 843 3126 975 3199; x_wconf 79' lang='lat' dir='ltr'>heredeS,</span> <span class='ocrx_word' id='word_1_238' title='bbox 997 3125 1118 3184; x_wconf 90' lang='lat' dir='ltr'>Modes-</span> 
     </span>
     <span class='ocr_line' id='line_1_29' title="bbox 115 3223 1116 3304; baseline -0.013 -11"><span class='ocrx_word' id='word_1_239' title='bbox 115 3247 178 3294; x_wconf 92' lang='lat' dir='ltr'>tum</span> <span class='ocrx_word' id='word_1_240' title='bbox 194 3251 308 3292; x_wconf 91' lang='lat' dir='ltr'>servum</span> <span class='ocrx_word' id='word_1_241' title='bbox 337 3249 421 3289; x_wconf 90' lang='lat' dir='ltr'>suum</span> <span class='ocrx_word' id='word_1_242' title='bbox 449 3246 593 3304; x_wconf 88' lang='lat' dir='ltr'>nusquam</span> <span class='ocrx_word' id='word_1_243' title='bbox 624 3227 745 3284; x_wconf 91' lang='lat' dir='ltr'>liberum</span> <span class='ocrx_word' id='word_1_244' title='bbox 774 3245 838 3284; x_wconf 90' lang='lat' dir='ltr'>esse</span> <span class='ocrx_word' id='word_1_245' title='bbox 866 3227 992 3296; x_wconf 90' lang='lat' dir='ltr'>iussisse,</span> <span class='ocrx_word' id='word_1_246' title='bbox 1021 3223 1116 3282; x_wconf 89' lang='lat' dir='ltr'>eidem</span> 
     </span>
     <span class='ocr_line' id='line_1_30' title="bbox 113 3323 1116 3405; baseline -0.011 -12"><span class='ocrx_word' id='word_1_247' title='bbox 113 3346 214 3393; x_wconf 90' lang='lat' dir='ltr'>tamen</span> <span class='ocrx_word' id='word_1_248' title='bbox 242 3332 283 3389; x_wconf 94' lang='lat' dir='ltr'>sic</span> <span class='ocrx_word' id='word_1_249' title='bbox 311 3329 498 3405; x_wconf 88' lang='lat' dir='ltr'>adscripsisse</span> <span class='ocrx_word' id='word_1_250' title='bbox 521 3328 657 3402; x_wconf 86' lang='lat' dir='ltr'>legatum,</span> <span class='ocrx_word' id='word_1_251' title='bbox 687 3325 854 3397; x_wconf 63' lang='lat' dir='ltr'>‘Modesto</span> <span class='ocrx_word' id='word_1_252' title='bbox 879 3344 966 3401; x_wconf 92' lang='lat' dir='ltr'>quem</span> <span class='ocrx_word' id='word_1_253' title='bbox 994 3323 1116 3382; x_wconf 87' lang='lat' dir='ltr'>liberum</span> 
     </span>
     <span class='ocr_line' id='line_1_31' title="bbox 113 3423 1117 3504; baseline -0.01 -12"><span class='ocrx_word' id='word_1_254' title='bbox 113 3452 179 3494; x_wconf 90' lang='lat' dir='ltr'>esse</span> <span class='ocrx_word' id='word_1_255' title='bbox 204 3431 292 3490; x_wconf 73' lang='lat' dir='ltr'>iussi!</span> <span class='ocrx_word' id='word_1_256' title='bbox 344 3428 468 3501; x_wconf 89' lang='lat' dir='ltr'>Quaeris</span> <span class='ocrx_word' id='word_1_257' title='bbox 496 3427 565 3504; x_wconf 92' lang='lat' dir='ltr'>quid</span> <span class='ocrx_word' id='word_1_258' title='bbox 594 3427 725 3484; x_wconf 90' lang='lat' dir='ltr'>sentiam.</span> <span class='ocrx_word' id='word_1_259' title='bbox 777 3425 895 3485; x_wconf 92' lang='lat' dir='ltr'>Contuli</span> <span class='ocrx_word' id='word_1_260' title='bbox 924 3443 990 3482; x_wconf 92' lang='lat' dir='ltr'>cum</span> <span class='ocrx_word' id='word_1_261' title='bbox 1018 3423 1117 3499; x_wconf 89' lang='lat' dir='ltr'>peritis</span> 
     </span>
     <span class='ocr_line' id='line_1_32' title="bbox 9 3522 1116 3598; baseline -0.011 -6"><span class='ocrx_word' id='word_1_262' title='bbox 9 3549 10 3560; x_wconf 62' lang='lat'>¹</span> <span class='ocrx_word' id='word_1_263' title='bbox 88 3533 203 3598; x_wconf 88' lang='lat' dir='ltr'>5iuris:</span> <span class='ocrx_word' id='word_1_264' title='bbox 230 3529 366 3588; x_wconf 88' lang='lat' dir='ltr'>convenit</span> <span class='ocrx_word' id='word_1_265' title='bbox 382 3528 456 3584; x_wconf 93' lang='lat' dir='ltr'>inter</span> <span class='ocrx_word' id='word_1_266' title='bbox 475 3545 578 3586; x_wconf 91' lang='lat' dir='ltr'>omnes</span> <span class='ocrx_word' id='word_1_267' title='bbox 596 3544 650 3583; x_wconf 92' lang='lat' dir='ltr'>nec</span> <span class='ocrx_word' id='word_1_268' title='bbox 671 3525 831 3582; x_wconf 89' lang='lat' dir='ltr'>libertatem</span> <span class='ocrx_word' id='word_1_269' title='bbox 851 3523 956 3594; x_wconf 89' lang='lat' dir='ltr'>deberi,</span> <span class='ocrx_word' id='word_1_270' title='bbox 972 3522 1116 3598; x_wconf 88' lang='lat' dir='ltr'>quianon</span> 
     </span>
     <span class='ocr_line' id='line_1_33' title="bbox 110 3620 1117 3703; baseline -0.009 -12"><span class='ocrx_word' id='word_1_271' title='bbox 110 3632 149 3692; x_wconf 91' lang='lat' dir='ltr'>sit</span> <span class='ocrx_word' id='word_1_272' title='bbox 175 3630 249 3702; x_wconf 86' lang='lat' dir='ltr'>data,</span> <span class='ocrx_word' id='word_1_273' title='bbox 275 3646 330 3686; x_wconf 89' lang='lat' dir='ltr'>nec</span> <span class='ocrx_word' id='word_1_274' title='bbox 356 3626 492 3703; x_wconf 87' lang='lat' dir='ltr'>legatum,</span> <span class='ocrx_word' id='word_1_275' title='bbox 514 3625 582 3703; x_wconf 94' lang='lat' dir='ltr'>quia</span> <span class='ocrx_word' id='word_1_276' title='bbox 607 3641 689 3683; x_wconf 89' lang='lat' dir='ltr'>servo</span> <span class='ocrx_word' id='word_1_277' title='bbox 711 3641 765 3682; x_wconf 90' lang='lat' dir='ltr'>suo</span> <span class='ocrx_word' id='word_1_278' title='bbox 791 3622 908 3682; x_wconf 87' lang='lat' dir='ltr'>dederit.</span> <span class='ocrx_word' id='word_1_279' title='bbox 961 3620 1020 3680; x_wconf 88' lang='lat' dir='ltr'>Sed</span> <span class='ocrx_word' id='word_1_280' title='bbox 1044 3620 1117 3682; x_wconf 87' lang='lat' dir='ltr'>mihi</span> 
     </span>
    </p>

    <p class='ocr_par' dir='ltr' id='par_1_11' title="bbox 581 3741 631 3782">
     <span class='ocr_line' id='line_1_34' title="bbox 581 3741 631 3782; baseline -0.04 0"><span class='ocrx_word' id='word_1_281' title='bbox 581 3741 631 3782; x_wconf 81' lang='lat' dir='ltr'>ua</span> 
     </span>
    </p>
   </div>
   <div class='ocr_carea' id='block_1_7' title="bbox 0 0 1322 3980">
    <p class='ocr_par' dir='ltr' id='par_1_12' title="bbox 0 0 1322 3980">
     <span class='ocr_line' id='line_1_35' title="bbox 0 0 1322 3980; baseline 0 5"><span class='ocrx_word' id='word_1_282' title='bbox 0 0 1322 3980; x_wconf 95' lang='lat' dir='ltr'> </span> 
     </span>
    </p>
   </div>
  </div>
 </body>
</html>
