2636 3980
457 175 480 224 A
505 175 704 226 SELEGTION
722 179 828 226 FROM
849 179 919 265 TIlE

351 333 486 410 ἤστραπτ’,
508 338 624 411 ἐβρόντα,
647 337 771 395 σννεκῦκιι
790 339 836 411 τὴν
855 337 978 397 Ἐλλάδα.

188 465 260 527 Non
279 469 358 526 enim
377 478 525 544 amputata
544 472 635 530 oratio
654 480 682 530 et
700 472 820 544 abscisa,
836 472 889 531 sed
907 471 965 530 lata
984 480 1013 530 et
1031 469 1187 546 magnilica
1200 481 1231 546 85

188 577 216 624 et
247 567 362 625 excelsa
393 576 483 639 tonat,
517 567 649 644 fulgurat,
682 570 780 628 omnia
812 569 936 646 denique
971 569 1116 647 perturbat
1151 586 1186 627 ac

187 666 297 725 miscet.
353 666 490 743 Optimus
518 676 616 726 tamen
644 667 750 727 modus
780 679 831 727 est.
889 667 964 740 Quis
992 668 1099 744 negat?
1135 664 1186 726 sed

186 783 246 824 non
275 766 370 825 minus
398 785 460 824 non
488 778 580 825 servat
608 765 730 824 modum
757 767 806 842 qui
834 767 909 825 infra
935 785 997 825 rem
1022 784 1111 843 quam
1135 763 1185 841 qui

187 885 282 943 supra,
316 867 365 941 qui
399 866 560 926 adstrictius
593 886 681 942 quarn
716 869 765 945 qui
800 869 919 927 effusius
951 867 1028 927 dicit.
1081 865 1185 943 Itaque

186 965 268 1024 audis
298 963 461 1041 frequenter
488 976 519 1024 ut
546 965 615 1024 illud
644 967 818 1026 ‘immodice
852 978 880 1026 et
907 965 1118 1038 redundanter,'
1146 965 1185 1024 ita
1199 988 1231 1039 90

185 1063 242 1122 hoc
266 1065 376 1122 ‘ieiune
401 1075 429 1123 et
456 1063 587 1124 infirme?
632 1065 715 1124 Alius
741 1065 901 1125 excessisse
929 1065 1088 1135 materiam,
1114 1063 1185 1123 alius

186 1163 289 1221 dicitur
310 1180 371 1221 non
395 1163 529 1239 inplesse.
571 1163 674 1240 Aeque
695 1174 824 1241 uterque,
847 1163 899 1225 sed
923 1165 969 1223 ille
992 1161 1184 1234 inbecillitate,

184 1261 231 1319 hic
252 1262 359 1320 viribus
379 1274 497 1338 peccat,
523 1262 604 1339 quod
625 1272 709 1334 certe,
730 1266 783 1323 etsi
805 1283 866 1323 non
887 1262 1044 1333 limatioris
1066 1260 1183 1320 maioris

185 1372 283 1420 tamen
319 1361 426 1437 ingenii
457 1362 557 1419 vitium
592 1371 643 1420 est.
694 1361 758 1422 Nec
790 1382 868 1435 vero,
901 1382 967 1422 curn
1001 1362 1074 1420 haec
1107 1360 1182 1434 dico,

184 1459 264 1518 illum
286 1456 479 1518 Homericum
500 1461 641 1533 ἀμετροεπῆ
664 1459 767 1538 probo,
789 1461 842 1521 sed
862 1461 949 1534 hunc,
1196 1467 1228 1518 95

346 1595 386 1648 «al
405 1591 468 1649 ἔπεα
489 1596 644 1667 νιφάδεσσιν
664 1598 762 1653 ἐοικότα
781 1594 948 1670 χειμερίῃσιν·

183 1744 244 1785 non
266 1726 333 1802 quia
354 1745 416 1786 non
438 1737 467 1787 et
488 1727 534 1786 ille
555 1728 625 1787 mihi
647 1728 820 1788 validissime
841 1727 961 1804 placeat,

338 1823 429 1926 Ιττιιῦρα
448 1853 502 1924 μέν,
523 1853 592 1908 ἀλλὰ
611 1855 681 1925 μάλα
700 1851 801 1926 λιγέως·

182 1985 206 2043 si
233 1993 332 2044 tamen
361 1986 443 2044 detur
470 1984 582 2057 electio,
609 1985 686 2044 illam
717 1984 878 2043 orationem
910 1981 1034 2040 similem
1066 1982 1180 2044 nivibus

180 2083 316 2153 hibernis,
339 2083 368 2141 id
391 2093 435 2142 est
459 2084 589 2142 crebram
614 2093 642 2142 et
665 2082 816 2141 adsiduam
838 2091 868 2139 et
889 2080 1007 2157 largam,
1029 2091 1178 2158 postremo
1195 2101 1242 2136 100

181 2180 308 2240 divinam
336 2191 365 2240 et
393 2181 555 2252 caelestem,
580 2182 653 2242 vole.
706 2182 747 2240 At
774 2191 817 2240 est
844 2181 951 2256 gratior
978 2181 1075 2239 multis
1103 2183 1179 2242 actio

179 2279 282 2338 brevis.
333 2277 396 2350 Est,
425 2280 477 2338 sed
508 2280 654 2351 inertibus
682 2296 806 2356 quorum
835 2279 952 2338 delicias
980 2279 1178 2374 desidiamque

180 2378 262 2453 quasi
290 2378 428 2437 iudicium
456 2378 599 2455 respicere
627 2379 779 2437 ridiculum
808 2388 859 2436 est.
909 2377 988 2437 Nam
1016 2379 1039 2437 si
1067 2378 1122 2437 hos
1144 2381 1178 2438 in

179 2477 301 2535 consilio
326 2476 442 2547 habeas,
469 2494 531 2534 non
555 2477 650 2535 solum
676 2477 763 2536 satius
785 2486 829 2534 est
852 2476 974 2535 breviter
995 2476 1099 2548 dicere,
1125 2478 1177 2538 sed

179 2576 300 2632 omnino
322 2593 383 2634 non
405 2575 509 2634 dicere.
553 2574 638 2633 Haec
655 2585 699 2634 est
718 2575 813 2633 adhuc
832 2576 975 2633 sententia
995 2594 1067 2647 mea,
1086 2593 1176 2650 quam
1193 2594 1240 2645 105

178 2674 308 2744 mutabo,
329 2672 352 2731 si
372 2673 541 2732 dissenseris
559 2682 608 2745 tu,
633 2671 684 2732 sed
703 2673 790 2749 plane
809 2691 859 2731 cur
878 2673 1030 2732 dissentias
1049 2674 1176 2750 explices

177 2789 260 2846 rogo
318 2768 458 2840 Quamvis
492 2770 571 2829 enirn
608 2770 710 2830 cedere
745 2771 906 2830 auctoritati
943 2772 1065 2831 debeam
1099 2782 1174 2844 tuae,
1223 2797 1227 2806 ’

178 2870 282 2927 rectius
300 2878 399 2927 tamen
420 2870 541 2927 arbitror
562 2869 593 2927 in
615 2879 695 2928 tanta
715 2888 746 2927 re
767 2871 878 2930 ratione
898 2889 989 2946 quam
1007 2872 1176 2929 auctoritate

178 2967 313 3043 superari.
355 2966 481 3025 Proinde
510 2968 534 3026 si
562 2985 623 3025 non
651 2987 744 3027 errare
767 2968 875 3041 videor,
902 2970 933 3028 id
959 2969 1057 3046 ipsum
1085 2989 1174 3047 quam

177 3065 256 3125 voles
284 3066 363 3124 brevi
390 3066 521 3142 epistula,
550 3065 601 3124 sed
629 3075 727 3126 tamen
755 3069 848 3128 scribe
873 3067 1071 3147 (confirmabis
1095 3069 1174 3126 enim
1190 3085 1240 3123 110

176 3164 313 3224 iudicium
351 3163 480 3242 meum);
525 3165 548 3223 si
584 3184 685 3237 errare,
722 3165 923 3243 longissimam
959 3186 1035 3243 para.
1092 3166 1173 3225 Num

177 3265 292 3341 corrupi
322 3274 359 3334 te,
390 3263 440 3339 qui
472 3263 532 3335 tibi,
564 3264 588 3322 si
618 3264 688 3322 mihi
719 3266 878 3337 accederes,
910 3267 1003 3326 brevis
1034 3265 1174 3342 epistulae
1245 3265 1248 3272 ’

177 3363 388 3434 necessitatem,
410 3362 434 3419 si
456 3363 629 3437 dissentires,
651 3364 839 3441 longissimae
860 3365 995 3444 inposui?
1033 3364 1117 3424 Vale.
