2636 3980
192 185 352 269 'LETTERS
375 188 418 235 OF
440 187 470 236 C.
485 186 631 236 PLINIUS
654 184 840 235 CAECILIUS
861 185 1050 236 SECUNDUS.
1097 185 1136 254 27

141 346 328 423 purissimum
346 346 438 407 solem
453 347 583 407 continet
597 357 626 407 et
640 347 781 407 accendit.
823 346 894 408 Hoc
906 347 1135 414 hibemaculum,

141 445 199 505 hoc
220 447 306 506 etiam
325 447 511 523 gymnasium
530 465 663 506 meorum
684 457 746 507 est:
775 448 814 506 ibi
834 466 936 507 omnes
954 447 1038 507 silent
1058 446 1136 505 venti

141 546 269 622 exceptis
289 547 337 624 qui
356 547 486 606 nubilum
504 548 646 607 inducunt
662 557 691 606 et
707 566 842 607 serenum
860 557 926 608 ante
944 567 1032 625 quam
1050 503 1164 607 usum?

140 641 198 704 loci
233 646 366 722 eripiunt.
406 645 577 706 Adnectitur
608 647 715 724 angulo
751 647 915 706 cubiculum
949 647 980 706 in
1014 645 1156 724 hapsida*

97 751 298 817 recurvatum,
324 744 405 822 quod
429 745 569 804 ambitum
594 746 663 806 solis
685 746 817 806 fenestris
841 747 977 805 omnibus
1000 746 1136 822 sequitur.

142 842 246 900 Parieti
267 844 329 902 eius
349 842 380 902 in
398 843 591 903 bibliothecae
613 846 741 921 speciem
761 845 914 904 armarium
930 845 1069 904 insertum
1084 852 1136 915 est,

142 939 222 1017 quod
243 958 304 999 non
324 940 466 1018 legendos
482 942 579 1014 libros,
597 943 649 1002 sed
669 943 841 1004 lectitandos
863 943 948 1021 capit.
989 943 1138 1002 Adhaeret

143 1039 343 1100 dormitorium
362 1042 526 1100 membrum
550 1042 671 1100 transitu
692 1041 886 1115 interiacente,
908 1043 957 1119 qui
978 1059 1137 1119 suspensus

142 1149 171 1199 et
189 1140 334 1199 tubulatus
356 1152 532 1217 conceptum
545 1158 683 1217 vaporem
703 1141 808 1200 salubri
830 1150 1059 1218 temperamento
1079 1141 1137 1199 huc

94 1256 130 1305 40
142 1238 208 1297 illuc
222 1238 326 1314 digerit
339 1248 368 1297 et
382 1239 533 1298 ministrat.
564 1238 687 1316 Reliqua
701 1257 767 1316 pars
781 1238 876 1298 lateris
890 1238 975 1298 huius
989 1257 1137 1298 servorum

141 1337 366 1414 libertorumque
389 1338 490 1397 usibus
518 1337 668 1411 detinetur,
696 1338 842 1416 plerisque
869 1347 929 1396 tam
956 1338 1082 1410 mundis,
1106 1347 1138 1396 ut

142 1437 273 1513 accipere
298 1436 428 1513 hospites
452 1437 574 1513 possint.
625 1437 672 1495 Ex
700 1438 757 1496 alio
786 1437 873 1496 latere
902 1437 1066 1496 cubiculum
1094 1446 1138 1496 est

142 1534 361 1611 politissimum;
397 1536 502 1596 deinde
529 1537 574 1594 vel
609 1534 774 1596 cubiculum
806 1535 918 1612 grande
945 1535 990 1594 vel
1024 1535 1139 1594 modica

142 1635 266 1705 cenatio,
287 1652 362 1712 quae
382 1634 507 1710 plurimo
524 1635 595 1705 sole,
618 1635 742 1711 plurimo
762 1634 834 1692 mari
854 1633 947 1706 iucet3
975 1633 1139 1709 posthanc

6 1807 10 1816 ¹
96 1747 129 1798 45
142 1732 306 1792 cubiculum
326 1750 394 1790 cum
415 1743 601 1809 procoetone‚
622 1733 770 1791 altitudine
791 1733 938 1803 aestivum,
952 1732 1138 1791 munimentis

142 1830 314 1890 hibernum:
349 1840 393 1890 est
424 1831 502 1890 enim
537 1832 710 1890 subductum
744 1831 880 1890 omnibus
907 1831 1007 1888 ventis,
1059 1829 1139 1888 Huic

142 1929 276 1988 cubiculo
305 1929 383 1988 aliud
410 1939 439 1989 et
464 1940 626 2006 procoeton
654 1929 803 1988 communi
832 1928 940 2004 pariete
971 1928 1140 2003 iungrmtur.

141 2027 217 2087 Inde
248 2025 355 2087 balinei
385 2028 456 2087 cella
484 2028 630 2104 frigidaria
660 2027 787 2103 spatiosa
814 2036 843 2084 et
870 2025 970 2098 effusa,
999 2026 1081 2084 cuius
1109 2026 1139 2084 in

143 2127 292 2186 contrariis
317 2126 472 2203 parietibus
495 2126 554 2185 duo
578 2125 746 2203 baptisteria
765 2125 843 2184 velut
866 2125 957 2184 eiecta
981 2126 1139 2198 sinuantur,

96 2249 131 2300 50
143 2225 259 2285 abunde
294 2226 423 2302 capacia,
451 2225 476 2286 si
503 2241 583 2284 mare
611 2225 642 2283 in
675 2225 810 2302 proximo
838 2225 959 2301 cogites.
1016 2225 1140 2284 Adiacet

142 2324 315 2396 ductorium,
343 2323 553 2400 hypocauston,
582 2322 694 2382 adiacet
721 2323 907 2400 propnigeon
930 2323 1044 2397 balinei,
1069 2341 1140 2382 mox

143 2424 219 2483 duae
243 2423 332 2483 cellae
356 2425 449 2500 magis
476 2423 624 2501 elegantes
653 2441 741 2500 quam
770 2433 974 2500 sumptuosae:
1004 2422 1140 2482 cohaeret

142 2522 237 2582 calida
250 2523 361 2599 piscina
379 2522 507 2595 mirifica,
523 2542 560 2581 ex
579 2506 643 2599 qua'
655 2531 789 2582 natantes
803 2539 883 2580 mare
901 2519 1060 2599 aspiciunt;
1083 2539 1139 2580 nec

142 2621 246 2698 procul
259 2621 512 2697 sphaeristerium,
534 2621 614 2698 quod
639 2619 814 2680 calidissimo
842 2619 898 2679 soli
920 2618 1058 2678 inclinato
1081 2619 1139 2678 iam

94 2739 129 2790 55
143 2721 190 2781 die
222 2721 353 2780 occurrit
395 2719 454 2778 Hic
484 2721 568 2780 turris
589 2721 714 2797 erigitur,
743 2721 798 2779 sub
829 2737 887 2796 qua
915 2718 1026 2778 diaetae
1056 2717 1139 2790 duae,

142 2820 265 2880 totidem
289 2819 320 2877 in
342 2819 414 2896 ipsa,
436 2828 585 2896 praeterea
608 2820 728 2891 cenatio,
754 2836 829 2896 quae
854 2818 1025 2877 latissimum
1049 2835 1138 2888 mare,

142 2919 346 2996 longissimum
361 2918 435 2989 litus,
450 2918 530 2977 villas
549 2918 770 2976 amoenissimas
784 2917 932 2994 prospicit.
975 2916 1030 2976 Est
1044 2926 1073 2974 et
1086 2915 1142 2974 alia

142 3017 245 3077 turris:
274 3018 306 3076 in
325 3016 381 3075 hac
402 3016 575 3087 cubiculum,
590 3017 620 3074 in
641 3034 701 3094 quo
724 3016 767 3075 soi
789 3015 915 3074 nascitur
932 3015 1140 3092 conditurque:

142 3117 201 3177 lata
225 3127 293 3194 post
315 3116 458 3194 apotheca
481 3126 510 3175 et
534 3115 687 3176 horreum:
715 3115 770 3174 sub
795 3113 853 3174 hoc
867 3115 1037 3186 triclinium,
1060 3113 1142 3191 quod

95 3229 131 3279 60
143 3217 250 3276 turbati
269 3216 357 3275 maris
378 3234 439 3276 non
459 3215 514 3274 nisi
535 3214 680 3291 fragorem
702 3224 730 3273 et
751 3231 857 3273 sonum
881 3214 994 3290 patitur,
1016 3229 1142 3288 eumque

143 3317 202 3376 iam
217 3315 386 3391 languidum
400 3333 435 3375 ac
450 3314 646 3386 desinentem;
668 3313 784 3372 hortum
802 3323 832 3372 et
849 3314 1041 3389 gestationem
1055 3311 1142 3383 videt,

145 3433 203 3492 qua
216 3414 318 3474 hortus
332 3412 493 3473 includitur.
522 3412 654 3472 Gestatio
667 3412 746 3471 buxo
761 3422 810 3471 aut
821 3431 884 3471 rore
898 3413 1019 3483 marin0,
1031 3411 1080 3469 ubi
1092 3409 1143 3469 de·

144 3514 204 3573 ficit
216 3514 320 3583 buxus,
335 3511 474 3571 ambitur:
496 3529 564 3570 nam
579 3512 682 3582 buxus,
697 3529 756 3586 qua
773 3521 855 3587 parte
874 3509 1037 3570 defenditur
1051 3509 1143 3579 tectis,

143 3612 261 3674 abunde
283 3611 371 3686 viret;
395 3619 495 3688 aperto
518 3611 599 3670 caelo
623 3620 781 3688 apertoque
802 3619 889 3669 vento
912 3619 942 3668 ct
964 3623 1143 3696 quamquam
