2626 3976
182 210 340 258 LETTERS
363 211 407 257 OF
429 211 458 259 0.
476 205 621 257 PLINIUS
643 207 830 256 CAECILIUS
852 205 1040 252 SECUNDUS.
1087 202 1126 271 79

132 371 274 447 utrimque
297 369 447 428 advocatio
473 379 502 426 et
525 385 682 428 numerosa
703 366 845 435 subsellia,
867 373 1015 440 praeterea
1038 362 1132 420 densa

131 467 378 527 circumstantium
402 486 512 527 corona
539 467 711 526 latissimum
736 465 872 523 iudicium
897 462 1046 538 multiplici
1075 462 1128 518 cir-

131 567 198 626 culo
213 569 349 626 ambibat.
392 566 440 625 Ad
464 567 520 625 hoc
546 567 681 643 stipatum
706 563 838 634 tribunal,
862 572 949 637 atque
977 561 1064 618 etiam
1092 578 1127 617 ex

91 667 279 742 ¹5superiore
299 667 433 724 basilicae
454 675 535 742 parte
556 684 615 741 qua
635 664 761 723 feminae
782 680 841 739 qua
860 662 911 719 viri
931 670 959 718 et
983 656 1127 728 audiendi,

130 765 212 842 quod
237 765 358 836 difficile,
384 775 420 836 et,
449 766 530 841 quod
552 763 643 836 facile,
669 763 779 822 visendi
807 762 902 820 studio
930 759 1127 816 imminebant.

131 863 244 940 Magna
271 865 434 940 expectatio
463 873 585 941 patrum,
610 882 720 939 magna
748 862 876 930 filiarum,
904 876 1013 934 magna
1040 856 1128 914 etiam

129 979 328 1021 novercarum.
381 961 503 1021 Secutus
531 973 575 1021 est
601 964 696 1021 varius
724 970 852 1020 eventus.
906 957 984 1014 Nam
1013 954 1127 1013 duobus

130 1062 256 1120 consiliis
284 1063 410 1132 vicimus,
438 1061 559 1121 totidem
586 1063 652 1120 victi
681 1079 789 1121 sumus.
839 1058 981 1117 Notabilis
1010 1069 1127 1131 prorsus

89 1175 121 1209 20
129 1171 159 1218 et
181 1162 253 1219 mira
274 1161 377 1219 eadem
399 1160 430 1217 in
453 1177 548 1231 causa,
570 1160 663 1218 isdem
686 1161 834 1230 iudicibus,
857 1157 950 1216 isdem
971 1153 1127 1220 advocatis,

129 1260 235 1318 eodem
270 1270 400 1335 tempore
428 1268 508 1316 tanta
543 1259 689 1317 diversitas
717 1260 820 1318 accidit
848 1276 926 1328 casu,
954 1272 1016 1312 non
1047 1249 1127 1327 quod

129 1377 213 1418 casus
241 1357 389 1416 videretur.
440 1352 526 1414 Victa
554 1365 598 1414 est
622 1376 755 1429 noverca,
780 1359 844 1434 ipsa
871 1356 955 1415 heres
983 1371 1019 1410 ex
1047 1359 1127 1426 parte

129 1469 218 1528 sexta,
244 1459 334 1516 victus
363 1455 528 1527 Suberinus,
552 1457 602 1532 qui
630 1456 821 1516 exheredatus
846 1475 863 1513 a
884 1463 966 1530 patre
990 1449 1127 1526 singulari

128 1557 297 1633 inpudentia
331 1555 415 1613 alieni
443 1557 532 1630 patris
567 1556 646 1614 bona
672 1557 844 1625 vindicabat,
873 1572 934 1613 non
961 1568 1049 1610 ausus
1083 1548 1127 1607 sui

88 1666 234 1732 25petere.
278 1653 362 1711 Haec
386 1653 437 1710 tibi
461 1655 592 1729 exposui,
616 1655 742 1730 primum
767 1663 798 1712 ut
826 1672 863 1712 ex
891 1651 1013 1728 epistula
1040 1649 1127 1706 scires

128 1773 204 1832 quae
239 1773 276 1812 ex
304 1754 434 1811 oratione
470 1772 531 1811 non
565 1764 699 1829 poteras;
743 1754 847 1812 deinde
883 1750 964 1831 (nam
993 1750 1127 1823 detegam

127 1852 216 1933 artes)
244 1864 276 1911 ut
304 1852 466 1910 orationem
493 1852 628 1910 libentius
656 1854 776 1929 legeres,
802 1853 826 1910 si
854 1869 915 1908 non
943 1850 1039 1924 legere
1066 1845 1126 1915 tibi,

128 1954 181 2013 sed
201 1954 338 2010 interesse
359 1951 465 2009 iudicio
486 1951 639 2010 videreris:
666 1971 764 2028 quam,
785 1952 820 2009 sit
840 1951 907 2008 licet
926 1965 1041 2022 magna.
1066 1961 1127 2001 non

127 2051 252 2127 despero
274 2051 394 2128 gratiam
414 2050 598 2108 brevissimae
618 2051 844 2127 impetraturam.
888 2045 966 2104 Nam
988 2054 1016 2102 et
1041 2043 1127 2118 copia

85 2169 119 2216 30
128 2168 223 2209 rerum
257 2159 286 2208 et
321 2157 423 2224 arguta
452 2147 592 2207 divisione
627 2158 656 2206 et
690 2146 908 2206 narratiunculis
935 2145 1063 2221 pluribus
1098 2150 1128 2200 et

128 2248 283 2326 eloquendi
306 2248 442 2305 varietate
467 2257 627 2305 renovatur.
679 2247 752 2306 Sunt
776 2247 867 2304 multa
892 2243 965 2325 (non
990 2243 1127 2301 auderem

128 2349 183 2406 nisi
217 2349 267 2406 tibi
303 2342 411 2422 dicere)
446 2345 529 2418 elata,
565 2347 656 2404 multa
690 2347 844 2423 pugnacia,
880 2344 970 2403 multa
1005 2341 1127 2401 subtilia.

128 2447 283 2506 Intervenit
307 2446 386 2502 enim
411 2445 524 2504 acribus
549 2446 603 2505 illis
629 2455 657 2504 et
682 2447 784 2504 erectis
809 2444 944 2520 frequens
969 2440 1127 2499 necessitas

128 2545 308 2622 conputandi
343 2563 377 2603 ac
411 2563 507 2620 paene
542 2545 669 2604 calculos
703 2545 889 2621 tabulamque
917 2539 1067 2618 poscendi,
1095 2546 1128 2594 ut

85 2666 117 2714 35
128 2655 248 2721 repente
281 2644 312 2701 in
347 2643 447 2721 privati
479 2643 575 2701 iudicii
603 2645 734 2702 formam*
763 2641 967 2701 centumvirale
994 2646 1126 2696 vertatur.

127 2744 269 2802 Dedimus
296 2742 359 2801 vela
386 2743 587 2818 indignationi,
614 2744 748 2802 dedimus
775 2743 843 2812 irae,
872 2740 1005 2799 dedimus
1034 2735 1128 2796 dolori

92 2826 98 2838 ⁴
127 2854 156 2901 et
176 2844 208 2900 in
226 2841 404 2918 amplissima
426 2859 522 2912 causa,
543 2843 627 2917 quasi
648 2860 758 2918 magno
781 2842 862 2912 mari,
883 2839 1013 2916 pluribus
1034 2836 1126 2893 ventis

126 2959 228 3000 sumus
242 2941 323 2998 vecti.
366 2939 403 2998 In
423 2958 539 2998 summa
558 2941 653 2999 solent
671 2941 790 3017 quidam
812 2959 848 2998 ex
870 2935 1127 2997 contubernalibus

126 3040 231 3099 nostris
256 3039 420 3099 existimare
445 3040 522 3098 hanc
544 3042 716 3111 orationem,
741 3042 844 3099 iterum
869 3039 974 3108 dicam,
997 3046 1029 3094 ut
1053 3036 1127 3092 inter

85 3157 117 3206 40
125 3157 208 3198 meas
229 3141 293 3213 ὑπὲρ
315 3145 500 3212 Κτησιφῶντος
521 3156 602 3197 esse:
633 3157 671 3196 an
690 3159 764 3210 vere,
779 3151 810 3197 tu
830 3138 962 3197 facillime
976 3133 1126 3202 iudicabis,

125 3239 175 3316 qui
211 3247 271 3296 tam
301 3238 469 3296 memoriter
495 3247 578 3296 tenes
607 3255 719 3309 omnes,
748 3248 779 3296 ut
808 3237 938 3296 conferre
966 3252 1033 3294 cum
1061 3232 1124 3300 hac,

125 3336 197 3395 dum
218 3337 294 3395 hanc
316 3337 408 3397 solam
428 3337 508 3413 legis,
530 3335 634 3412 possis.
676 3335 759 3394 Vale.
