2626 3976
181 156 222 220 90
452 154 475 201 A
500 155 698 204 SELECTION
716 157 821 206 FROM
843 157 912 206 THE

179 311 285 374 similia
298 313 492 372 nascentibus
536 313 742 390 Respondebis
763 335 824 374 non
845 335 934 393 posse
955 318 1076 394 perinde
1096 337 1190 394 carp-

178 411 232 469 tim
251 421 283 470 ut
301 421 446 483 contexta,
460 412 580 488 perinde
597 413 734 473 inchoata
752 415 867 490 placere
887 425 919 476 ut
941 416 1053 476 effecta.
1096 416 1190 476 Scio:
1208 439 1238 486 ²5

179 513 277 590 itaque
305 521 334 571 et
362 530 379 570 a
403 530 452 570 me
475 512 703 572 aestimabuntur
725 523 757 572 ut
781 524 898 589 coepta,
921 517 1129 590 spectabuntur
1153 528 1192 575 ut

179 611 310 670 membra
337 619 555 687 extremamque
583 611 684 670 limam
711 621 793 670 tuam
815 613 1002 688 opperientur
1023 614 1054 687 ‚in
1078 614 1191 672 scrinio

180 720 290 769 nostro
341 708 443 766 Patere
468 707 526 767 hoc
552 726 600 766 me
629 726 717 784 super
744 718 841 767 cetera
868 709 975 768 habere
1005 712 1114 770 amoris
1141 713 1191 769 tui

180 811 295 885 pignus,
318 817 349 864 ut
373 825 409 864 ea
431 824 548 883 quoque
571 808 675 878 norim,
698 824 773 883 quae
797 825 887 866 nosse
912 811 1061 868 neminem
1088 810 1189 869 velles.

179 908 216 965 In
242 925 357 966 summa
378 916 482 980 potero
506 906 628 964 fortasse
653 906 760 980 scripta
784 916 834 964 tua
857 908 952 982 magis
975 908 1101 983 probare
1124 908 1190 965 lau·
1205 931 1240 979 30

157 1008 256 1088 dare,
282 1015 393 1082 quanto
419 1005 467 1063 illa
495 1004 604 1064 tardius
631 1005 811 1081 cautiusque,
836 1006 888 1063 sed
911 1007 1009 1081 ipsum
1038 1016 1067 1066 te
1090 1008 1192 1082 magis

180 1105 287 1163 amabo
323 1106 476 1181 magisque
511 1104 648 1176 laudab0,
678 1114 788 1180 quanto
824 1105 945 1164 celerius
980 1115 1009 1164 et
1043 1106 1192 1166 incautius

182 1204 303 1262 miseris.
346 1202 430 1261 Vale.

518 1351 569 1405 ra.
613 1343 742 1423 (Boou
764 1347 790 1403 s.
814 1342 855 1422 s.)

229 1474 302 1538 Pliny
318 1474 441 1523 describes
452 1475 494 1524 the
507 1491 593 1523 source
605 1475 634 1522 of
642 1475 685 1523 the
698 1475 845 1530 Clitumnus,
857 1475 890 1523 its
901 1475 994 1525 sudden
1006 1475 1142 1540 expansion

328 1557 380 1605 into
392 1573 407 1605 a
418 1557 489 1615 river,
500 1557 550 1606 and
560 1557 602 1606 the
613 1557 712 1606 various
723 1556 870 1606 attractions
882 1557 912 1605 of
919 1558 961 1607 the
973 1565 1038 1622 spot.

478 1697 502 1740 c.
518 1695 631 1737 rururus
651 1694 773 1736 xounuo
793 1695 847 1736 suo
867 1683 891 1736 s.

219 1809 365 1870 Vidistine
392 1809 550 1886 aliquando
579 1808 720 1868 Clitumni
743 1807 878 1868 fontem?
933 1808 963 1869 Si
986 1809 1121 1868 nondum
1144 1805 1192 1886 (et

180 1920 253 1985 puto
282 1910 433 1983 nondum;
471 1910 579 1986 alioqui
607 1927 756 1968 narrasses
783 1905 877 1984 mihi),
906 1910 981 1982 vide,
1011 1927 1101 1986 quem
1129 1927 1191 1984 ego

181 2008 323 2087 (paenitet
343 2007 497 2088 tarditatis)
520 2008 653 2084 proxime
676 2008 742 2068 vidi.
794 2007 934 2068 Modicus
954 2009 1037 2067 collis
1057 2008 1192 2084 adsurgit

180 2111 300 2185 antiqua
324 2127 464 2186 cupresso
487 2126 662 2167 nemorosus
687 2119 716 2166 et
744 2125 873 2184 opacus:
905 2108 984 2168 hunc
1009 2109 1107 2166 subter
1129 2109 1191 2166 exit

181 2209 249 2267 sons
273 2219 302 2266 et
321 2189 492 2284 exprimitur
510 2209 641 2284 pluribus
662 2208 753 2278 venis
773 2208 826 2266 sed
849 2208 1008 2284 inparibus,
1030 2207 1217 2280 eluctatus-5

180 2325 237 2384 que
264 2325 352 2383 quern
380 2305 449 2365 facit
476 2307 621 2382 gurgitem
649 2306 708 2365 lato
743 2307 858 2382 gremio
888 2307 1011 2382 patescit
1033 2319 1129 2382 purus
1158 2316 1190 2364 et

180 2409 294 2477 vitreus,
323 2417 355 2465 ut
383 2423 535 2465 numerare
562 2405 651 2463 iactas
687 2405 778 2480 stipes
812 2414 841 2462 et
868 2405 1031 2463 relucentes
1059 2404 1191 2464 calculos

180 2509 285 2582 possis.
327 2506 401 2565 Inde
429 2523 490 2563 non
514 2503 571 2563 loci
599 2504 770 2575 devexitate,
795 2504 849 2563 sed
877 2504 942 2579 ipsa
970 2503 1015 2562 sui
1043 2504 1131 2579 copia
1157 2513 1191 2562 et

180 2609 264 2682 quasi
291 2607 422 2683 pondere
449 2606 601 2681 inpellitur.
658 2603 740 2662 Fons
767 2603 863 2662 adhuc
896 2612 924 2662 et
955 2604 1015 2661 iam
1043 2603 1191 2678 amplissi-

180 2723 262 2763 mum
296 2705 406 2765 flumen
441 2715 529 2781 atque
559 2706 647 2763 etiam
675 2703 794 2761 navium
827 2703 952 2777 patiens,
981 2720 1055 2780 quas
1083 2702 1191 2760 obvias
1206 2730 1236 2765 ro

181 2821 300 2879 quoque
328 2816 356 2864 et
381 2804 526 2864 contrario
549 2805 614 2862 nisu
637 2804 669 2861 in
697 2803 811 2860 diversa
838 2801 993 2860 tendentes
1020 2802 1191 2861 transmittit

181 2912 209 2960 et
232 2902 346 2978 perfert,
372 2904 447 2962 adeo
471 2903 590 2974 validus
613 2912 646 2960 ut
670 2903 717 2960 illa
742 2919 801 2978 qua
825 2910 963 2976 properat
987 2901 1060 2977 ipse,
1083 2917 1190 2976 quam·

182 3020 271 3079 quam
290 3021 342 3078 per
362 3005 457 3062 solum
478 3004 608 3079 planum,
622 3003 710 3060 remis
732 3019 792 3060 non
814 3001 972 3069 adiuvetur,
986 2999 1065 3057 idem
1087 3017 1190 3076 aeger-

181 3103 253 3160 rime
269 3102 355 3160 remis
370 3103 522 3178 contisque
537 3109 689 3177 superetur
708 3100 852 3159 adversus.
895 3097 1062 3157 Iucundum
1076 3108 1190 3156 utrum·

182 3219 240 3277 que
262 3219 314 3276 per
334 3201 433 3260 iocum
457 3201 617 3277 ludumque
641 3199 827 3270 fluitantibus
847 3207 879 3256 ut
903 3197 1035 3256 flexerint
1059 3215 1189 3267 cursum,
1206 3226 1237 3276 15

180 3301 312 3359 laborem
336 3300 406 3368 otio,
432 3300 525 3358 otium
548 3301 648 3358 labore
672 3299 788 3358 variare.
831 3296 927 3373 Ripae
949 3295 1065 3354 fraxino
1087 3295 1188 3367 multa,

182 3400 274 3457 multa
311 3397 422 3474 populo
456 3399 625 3469 vestiuntur,
661 3415 735 3474 quas
768 3396 940 3472 perspicuus
979 3395 1075 3453 amnis
1110 3393 1190 3453 velut

181 3516 293 3556 mersas
314 3497 397 3555 viridi
417 3496 545 3571 imagine
575 3497 755 3554 adnumerat.
808 3493 902 3570 Rigor
924 3512 1016 3570 aquae
1040 3494 1191 3553 certaverit

183 3597 306 3668 nivibus,
334 3615 390 3656 nec
417 3595 500 3656 color
527 3595 611 3654 cedit.
666 3593 791 3654 Adiacet
823 3594 965 3671 templum
1000 3594 1131 3672 priscum
1158 3603 1192 3653 et
