2636 3980
207 203 248 272 50
479 205 501 251 A
528 203 727 255 SELECTION
746 205 851 255 FROM
872 204 942 253 THE

208 366 260 424 sed
287 368 434 445 Regulum
460 371 564 447 cogita.
607 371 756 431 Amissum
778 382 876 430 tamen
897 370 977 447 luget
997 372 1107 430 insane.
1150 369 1210 428 Ha·
1278 351 1279 354 Ἴ

209 467 296 525 bebat
318 486 390 543 puer
411 469 566 528 mannulos
587 471 694 530 multos
716 481 744 529 et
766 471 880 528 iunctos
902 479 931 527 et
952 469 1070 542 solutos,
1085 470 1211 528 habebat

210 585 298 625 canes
330 569 454 626 maiores
493 570 689 645 minoresque,
719 569 844 628 habebat
878 568 1022 638 luscinias
1061 569 1209 644 psittacos,

208 666 350 724 merulas:
386 685 489 730 omnes
518 667 650 744 Regulus
679 668 756 726 circa
791 685 895 743 rogum
932 668 1089 727 trucidavit.
1146 666 1209 724 Nec
1221 687 1251 723 10

209 763 293 823 dolor
314 775 373 822 erat
396 765 449 834 ille,
472 765 523 824 sed
546 768 700 825 ostentatio
723 767 838 827 doloris.
883 765 1062 824 Convenitur
1083 766 1121 824 ad
1142 783 1209 822 eum

209 862 281 920 mira
303 863 475 922 celebritate.
518 863 624 923 Cuncti
646 865 822 924 detestantur
843 865 975 936 oderunt,
991 874 1019 923 et
1040 859 1209 940 quasi'pro-

209 962 287 1032 bent,
303 963 385 1037 quasi
400 962 528 1038 diligant,
544 974 659 1022 cursant
679 964 870 1041 frequentant,
885 973 973 1039 utque
995 963 1116 1021 breviter
1130 961 1209 1038 quod

209 1061 303 1119 sentio
324 1063 479 1131 enuntiem,
500 1062 530 1119 in
550 1061 665 1139 Regulo
687 1063 864 1122 demerendo
887 1062 1032 1138 Regulum
1054 1063 1209 1119 imitantur·

209 1159 305 1218 Tenet
320 1179 351 1220 se
365 1171 443 1220 trans
459 1160 589 1220 Tiberim
603 1163 633 1220 in
648 1163 746 1234 hortis,
761 1163 792 1220 in
812 1162 916 1239 quibus
930 1161 1098 1220 latissimum
1114 1160 1249 1230 soldm15

209 1261 366 1334 porticibus
388 1261 536 1332 inmensis,
551 1262 643 1337 ripam
669 1262 769 1320 statuis
791 1262 850 1319 suis
872 1261 1033 1335 occupavit,
1055 1270 1086 1318 ut
1111 1269 1154 1317 est
1178 1260 1208 1316 in

210 1377 324 1417 summa
352 1361 468 1417 avaritia
496 1369 693 1436 sumptuosus
715 1360 746 1417 in
770 1377 885 1418 summa
910 1356 1030 1417 infamia
1053 1359 1206 1434 gloriosus.

208 1457 303 1515 Vexat
325 1475 395 1533 ergo
417 1458 558 1516 civitatem
580 1459 798 1517 insaluberrimo
820 1468 960 1534 tempore,
975 1466 1005 1515 et
1025 1458 1105 1534 quod
1124 1467 1208 1515 vexat

211 1553 350 1612 solacium
364 1565 453 1631 putat.
496 1555 574 1615 Dicit
593 1576 624 1615 se
638 1558 709 1616 velle
725 1557 830 1615 ducere
844 1574 983 1627 uxorem:
1008 1556 1065 1614 hoc
1081 1575 1208 1633 quoque,

210 1653 284 1710 sicut
305 1653 366 1724 alia,
390 1673 540 1730 perverse:
571 1656 671 1714 audies
692 1657 771 1713 brevi
793 1655 910 1731 nuptias
935 1655 1069 1730 lugentis,
1092 1656 1209 1732 nuptias
1220 1680 1250 1714 20

207 1751 304 1810 senis:
343 1771 467 1829 quorum
497 1753 617 1812 alterum
645 1754 841 1825 immaturum,
874 1753 994 1812 alterum
1027 1771 1123 1810 serum
1156 1764 1207 1812 est„

211 1849 297 1907 Unde
326 1851 382 1910 hoc
413 1870 536 1927 augurer
561 1853 693 1929 quaeris:
729 1871 790 1910 non
816 1853 884 1928 quia
905 1851 1036 1910 adfirmat
1057 1852 1126 1928 ipse,
1149 1871 1209 1929 quo

209 1937 378 2008 mendacius
408 1950 478 2008 nihil
507 1960 559 2022 est,
582 1951 633 2010 sed
655 1951 724 2028 quia
754 1961 864 2010 certum
894 1961 937 2009 est
967 1949 1114 2027 Regulum
1144 1969 1210 2010 esse

211 2047 351 2106 iacturum
366 2049 506 2126 quidquid
521 2050 582 2108 fieri
596 2068 658 2109 non
673 2060 796 2128 oportet.
837 2049 919 2109 Vale.

543 2267 593 2322 37.
636 2260 765 2341 (BOOK
788 2280 814 2333 4.
838 2260 878 2339 7.)

244 2406 315 2471 Pliny
323 2409 444 2458 describes
453 2411 495 2459 the
506 2427 616 2475 perverse
628 2427 717 2475 energy
726 2411 756 2460 of
764 2411 874 2476 Regulus
884 2426 942 2459 now
953 2410 1039 2460 shown
1051 2410 1075 2458 in
1087 2410 1125 2458 his
1137 2416 1212 2459 taste¹

211 2489 259 2540 less
271 2493 503 2542 commemorations
515 2493 544 2542 oi
551 2495 590 2543 his
601 2492 667 2543 son’s
677 2510 794 2558 memory,
809 2509 836 2543 as
848 2493 866 2542 it
878 2493 927 2542 had
938 2493 1054 2558 formerly
1063 2495 1124 2542 been
1135 2493 1160 2541 in
1172 2493 1212 2542 his

211 2588 291 2622 career
302 2591 329 2624 as
341 2591 371 2624 an
384 2575 511 2628 advocate.

359 2707 366 2718 '
452 2724 478 2764 c.
502 2725 613 2765 PLINIUS
634 2725 721 2769 carro
743 2724 847 2766 turino
868 2722 921 2764 sco
941 2721 964 2762 s.

252 2842 346 2921 Saepe
371 2847 420 2903 tibi
444 2847 510 2905 dico
534 2849 629 2907 inesse
651 2849 709 2905 vim
735 2847 859 2925 Regulo.
915 2846 1022 2904 Mirum
1046 2854 1091 2904 est
1118 2861 1211 2919 quam

210 2943 312 3002 efficiat
326 2945 356 3002 in
371 2946 451 3021 quod
469 2946 607 3005 incubuit.
649 2945 759 3005 Placuit
779 2947 804 3004 ei
827 2946 925 3022 lugere
947 2944 1037 3002 filium
1047 2962 1055 3016 ;
1082 2943 1163 3018 luget
1177 2950 1211 2999 ut

211 3060 315 3100 nemo:
351 3045 458 3120 placuit
486 3055 594 3104 statuas
624 3046 684 3103 eius
716 3056 745 3105 et
779 3046 920 3122 imagines
953 3061 1040 3121 quam
1069 3042 1211 3118 plurimas

209 3141 319 3215 facere;
356 3143 413 3203 hoc
441 3147 577 3203 omnibus
608 3145 729 3204 officinis
759 3147 826 3222 agit,
847 3146 927 3202 illum
953 3143 1105 3214 coloribus,
1128 3141 1211 3198 illum

210 3261 284 3313 cera,
305 3243 384 3302 illum
406 3263 480 3316 aere,
500 3246 579 3302 illum
598 3253 727 3320 argento,
746 3245 826 3303 illum
845 3263 925 3314 auro,
946 3243 1042 3312 ebore,
1062 3257 1236 3304 marmores

211 3342 328 3419 effingit.
372 3344 440 3418 Ipse
457 3363 526 3402 vero
546 3362 638 3419 nuper
657 3344 787 3402 adhibito
808 3343 919 3420 ingenti
940 3341 1082 3400 auditorio
1103 3340 1213 3398 librum

210 3440 247 3498 de
261 3442 317 3499 vita
333 3443 393 3500 eius
407 3442 542 3512 recitavit,
559 3441 594 3501 de
608 3443 665 3502 vita
679 3442 777 3518 pueri:
802 3443 930 3501 recitavit
943 3451 1041 3499 tamen
1049 3457 1058 3510 ;
1080 3437 1213 3496 eundem

209 3541 241 3598 in
255 3541 430 3616 exemplaria
444 3540 521 3598 mille
540 3543 758 3617 transscriptum
779 3560 831 3617 per
851 3551 943 3600 totam
958 3539 1070 3598 Italiam
1091 3537 1213 3613 provin·

211 3642 328 3716 ciasque
343 3640 466 3698 dimisit:
493 3640 606 3717 scripsit
620 3639 734 3715 publice
753 3649 786 3697 ut
800 3658 817 3697 a
837 3639 1041 3699 decurionibus
1056 3636 1214 3713 eligeretur
