2626 3976
213 170 254 232 86
482 183 504 231 A
531 183 729 234 snrrrcrrorv
748 184 853 233 rrroru
874 185 943 234 rrrc

210 343 299 419 capiti
320 361 373 402 suo
396 343 504 402 cultros
526 355 613 421 atque
634 347 720 403 etiam
745 363 782 402 ex
800 346 865 421 ipso
886 347 991 405 vertice
1011 356 1214 422 amputantem

214 442 342 517 capillos.
397 441 456 499 Ubi
484 443 593 514 inluxit,
622 445 685 520 ipse
712 445 788 502 circa
814 446 949 503 verticem
977 454 1088 515 tonsuS,
1116 444 1215 520 capilli

214 542 341 600 iacentes
359 542 548 617 reperiuntur.
589 542 737 618 Exiguum
755 545 894 620 temporis
915 544 1052 614 medium,
1067 553 1095 602 et
1113 563 1214 604 rursus
1229 550 1264 598 60

115 659 117 668 ’
215 640 307 699 simile
322 640 399 698 aliud
419 641 507 717 priori
528 641 614 699 fidem
634 641 708 700 fecit.
751 642 826 700 Puer
848 643 878 699 in
900 642 1084 719 paedagogio
1104 642 1214 702 mixtus

213 737 344 814 pluribus
369 738 546 798 dormiebat:
576 750 717 798 venerunt
739 759 791 817 per
815 740 955 800 fenestras
976 739 1028 820 (ita
1052 737 1161 818 narrat)
1183 742 1214 798 in

214 838 319 898 tunicis
333 837 405 896 albis
424 837 483 896 duo
502 840 715 914 cubantemque
737 840 931 899 detonderunt
952 850 980 899 et
1001 858 1060 916 qua
1073 848 1214 898 venerant

214 947 404 995 recesserunt.
454 937 543 995 Hunc
567 955 686 1014 quoque
710 948 828 996 tonsum
857 957 1033 1015 sparsosque
1061 940 1135 996 circa
1164 957 1213 995 ca-

215 1035 300 1111 pillos
315 1036 376 1094 dies
391 1037 524 1095 ostendit.
567 1037 646 1094 Nihil
665 1038 792 1097 notabile
813 1049 953 1110 secutum,
968 1038 1024 1096 nisi
1038 1039 1110 1096 forte
1131 1037 1214 1112 quod
1228 1042 1261 1106 65

215 1153 278 1192 non
292 1135 332 1193 fui
346 1154 421 1207 reus,
436 1135 556 1208 futurus,
567 1137 592 1195 si
606 1135 798 1210 Domitianus
812 1139 865 1197 sub
879 1156 939 1214 quo
953 1138 1026 1197 haec
1037 1137 1214 1206 acciderunt,

214 1234 322 1294 diutius
338 1236 461 1295 vixisset.
504 1235 582 1294 Nam
602 1237 632 1294 in
654 1237 760 1296 scrinio
782 1238 842 1296 eius
864 1238 947 1296 datus
969 1255 986 1296 a
1009 1236 1085 1295 Caro
1106 1235 1142 1294 de
1164 1253 1213 1292 me

214 1332 327 1392 libellus
354 1334 488 1392 inventus
515 1342 576 1405 est3
611 1353 648 1392 ex
673 1353 732 1411 quo
758 1336 913 1394 coniectari
937 1335 1134 1412 potest,‚quia
1158 1334 1216 1392 reis

216 1434 306 1492 moris
335 1441 379 1490 est
406 1432 584 1491 summittere
612 1432 756 1508 capillum,
783 1435 891 1492 recisos
924 1451 1058 1492 meorum
1093 1433 1215 1510 capillos

217 1531 329 1606 depulsi
354 1531 434 1606 quod
459 1532 629 1589 imminebat
656 1532 774 1608 periculi
801 1533 917 1608 signum
939 1531 1036 1591 fuisse.
1087 1531 1215 1590 Proinde
1231 1545 1263 1596 70

216 1641 292 1702 rogo
306 1627 498 1686 eruditionem
517 1638 599 1686 tuam
617 1629 761 1688 intendas.
803 1630 902 1706 Digna
921 1648 967 1688 res
989 1638 1033 1688 est
1054 1647 1143 1705 quam
1166 1629 1217 1687 diu

215 1727 396 1802 multumque
411 1726 587 1799 consideres,
602 1746 640 1786 ne
659 1745 716 1804 ego
737 1729 856 1804 quidem
874 1729 1014 1805 indignus
1032 1730 1079 1786 cui
1098 1729 1217 1804 copiam

218 1827 354 1885 scientiae
375 1836 440 1885 tuae
461 1825 558 1886 facias.
599 1827 681 1885 Licet
705 1828 791 1886 etiam
815 1838 967 1904 utramque
989 1828 1028 1886 in*
1041 1837 1164 1903 partem,
1186 1839 1219 1884 ut

217 1925 304 1996 soles,
325 1925 464 2000 disputes,
487 1943 524 1984 ex
546 1924 634 1984 altera
653 1935 752 1984 tamen
774 1926 885 1997 fortius,
908 1945 945 1985 ne
968 1944 1016 1984 me
1039 1944 1217 2002 suspensum
1303 1938 1304 1959 ¹

215 2024 415 2100 incertumque
436 2025 570 2095 dimittas,
593 2042 659 2081 cum
680 2023 750 2081 mihi
773 2026 943 2084 consulendi
968 2043 1055 2084 causa
1079 2025 1166 2084 fuerit
1187 2036 1220 2084 ut
1234 2039 1263 2088 75

217 2123 346 2181 dubitare
361 2123 532 2181 desinerem.
573 2121 655 2180 Vale.

538 2380 592 2432 eo.
634 2343 763 2452 (n'oorr
786 2387 812 2448 7.
837 2374 897 2453 33.)

251 2507 323 2570 Pliny
340 2507 400 2571 begs
417 2505 521 2555 Tacitus
542 2512 570 2555 to
589 2504 664 2554 insert
681 2505 706 2553 in
725 2504 763 2553 his
781 2505 904 2556 Histories
920 2522 988 2556 some
1007 2507 1116 2557 mention
1134 2509 1166 2557 ol
1178 2509 1222 2558 the

217 2591 316 2641 fearless
327 2590 380 2640 zeal
388 2590 449 2638 with
457 2589 540 2637 which
551 2588 590 2646 he.
598 2589 712 2652 together
721 2587 781 2636 with
793 2587 902 2646 Senecio,
911 2589 1027 2639 followed
1038 2607 1073 2656 up
1084 2591 1150 2641 their
1155 2591 1221 2655 joint

218 2674 303 2724 attack
316 2690 348 2723 on
360 2673 466 2722 Baebius
478 2673 570 2721 Massa.

515 2812 541 2854 C·
562 2811 673 2852 PLINIUS
695 2810 800 2851 TACITO
821 2810 875 2852 SUO
896 2811 918 2850 S.

259 2925 403 3002 Auguror,
418 2944 472 2984 nec
487 2944 535 2984 me
549 2924 620 2983 fallit
634 2926 795 3000 augurium,
810 2924 942 2983 historias
962 2935 1026 2984 tuas
1040 2926 1222 2987 immortales

217 3025 344 3096 luturas;
367 3043 426 3101 quo
440 3026 534 3101 magis
548 3024 611 3096 illis,
621 3024 748 3100 ingenue
762 3023 882 3095 fatebor,
898 3024 985 3082 inseri
1000 3025 1096 3100 cupio.
1140 3025 1222 3084 Nam

220 3125 244 3184 si
259 3142 321 3182 esse
336 3125 420 3182 nobis
435 3141 520 3182 curae
535 3123 609 3184 solet
627 3133 658 3181 ut
678 3123 766 3182 facies
788 3134 887 3182 nostra
907 3124 944 3182 ab
966 3125 1077 3200 optimo
1099 3143 1223 3202 quoque

219 3224 327 3283 artifice
359 3225 542 3298 exprimatur,
570 3241 670 3282 nonne
705 3223 845 3281 debemus
879 3231 981 3298 optare
1015 3233 1046 3281 ut
1081 3225 1223 3299 operibus

219 3324 325 3383 nostris
347 3323 445 3381 similis
472 3323 513 3380 tui
537 3324 660 3400 scriptor
683 3322 921 3398 praedicatorque
946 3322 1116 3397 contingat?
1159 3323 1251 3382 De·5

219 3433 351 3482 monstro
386 3440 466 3497 erg0‚
495 3440 672 3498 quamquam
707 3421 885 3496 diligentiam
919 3429 999 3478 tuam
1027 3420 1129 3496 sugere
1158 3439 1223 3478 non

220 3522 320 3594 possit,
349 3539 416 3579 cum
446 3520 481 3579 sit
508 3521 538 3576 in
568 3521 690 3596 publicis
720 3519 799 3589 actis,
821 3519 991 3580 demonstro
1019 3529 1127 3589 tamen,
1160 3537 1224 3595 quo
1299 3511 1300 3589 l

220 3620 312 3694 magis
342 3620 443 3679 credas
473 3618 633 3677 iucundum
660 3617 730 3675 mihi
757 3615 894 3689 futurum,
922 3619 945 3676 si
974 3617 1080 3676 lactum
1109 3634 1223 3686 meum,
