2636 3980
611 709 640 770 A

140 914 455 994 senscrroru
499 919 656 994 From
693 919 813 994 THE
856 897 1111 994 LETTERS

599 1136 645 1187 OF

254 1332 320 1419 cp
345 1336 604 1421 Primus
652 1337 991 1422 caremus

441 1544 806 1629 SECUNDUS.
909 1495 913 1506 '

464 1863 508 1934 1„
534 1855 663 1940 (soor
687 1877 712 1918 1.
738 1857 775 1940 1.)
818 1813 853 1884 i

161 2059 163 2063 ,
181 1985 252 2054 Pliny
263 1961 334 2039 sends
345 1989 383 2039 his
394 1989 479 2040 letters
490 1996 517 2040 to
529 1990 659 2056 Septicius,
671 1990 729 2040 who
741 1990 791 2040 had
802 1988 956 2054 encouraged
967 1984 1020 2038 him
1031 1995 1058 2038 to

530 2071 620 2122 collect
631 2071 708 2123 them.

375 2211 387 2248 J
405 2209 430 2252 C.
453 2208 564 2250 PLINIUS
586 2209 712 2251 SEPTICIO
733 2210 787 2251 SUO
808 2210 830 2250 S.

160 2321 359 2392 anounnrrm
375 2323 506 2383 hortatus
520 2342 552 2382 es
566 2333 598 2382 ut
612 2321 758 2402 epistulas,
774 2323 871 2401 siquas
885 2324 974 2400 paulo
989 2325 1118 2385 curatius·

118 2422 306 2500 scripsissem,
322 2423 489 2498 colligerem
510 2423 754 2500 publicaremque.
794 2403 909 2500 ‘Collegi
923 2441 985 2482 non
1000 2433 1113 2482 servato

116 2521 256 2596 temporis
281 2522 383 2579 ordine
404 2517 512 2600 (neque
537 2520 615 2578 enim
639 2520 789 2579 historiam
812 2520 1039 2600 componebam),
1061 2520 1114 2579 sed

115 2625 150 2674 ut
169 2635 302 2694 quaeque
323 2619 353 2676 in
374 2635 480 2678 manus
500 2627 625 2678 venerat.
668 2618 804 2696 Superest
824 2629 855 2678 ut
876 2639 931 2679 nec
953 2629 980 2678 te
1000 2615 1113 2678 consilii

81 2729 172 2778 bnec
199 2734 247 2774 me
274 2717 419 2793 paeniteat
446 2718 587 2794 obsequii.
643 2717 689 2776 Ita
716 2718 795 2776 enim
823 2719 872 2777 fiet
899 2727 932 2776 ut
959 2737 1008 2776 eas
1036 2735 1111 2794 quae

113 2813 212 2873 adhuc
235 2816 386 2892 neglectae
411 2815 506 2874 iacent
530 2816 682 2894 requiram,
704 2825 733 2876 et
757 2817 854 2895 siquas
880 2817 1026 2888 addidero,
1051 2834 1112 2874 non

113 2913 302 2990 supprimam.
344 2911 426 2974 Vale.
665 2898 667 2902 ⁵

455 3130 485 3184 2.
528 3119 657 3204 (BOOK
681 3140 706 3183 r.
730 3121 769 3204 ι.)
816 3128 847 3172 ss

159 3249 234 3318 Pliny
244 3249 315 3304 sends
327 3270 342 3304 a
354 3251 444 3319 speech
455 3261 482 3305 to
493 3253 532 3304 his
544 3255 621 3306 friend
632 3255 751 3306 Arrianus
762 3256 801 3306 ior
812 3254 948 3306 correction
959 3253 993 3319 by
1004 3255 1063 3303 him.

396 3391 419 3434 C.
442 3391 555 3435 PLINIUS
575 3393 703 3435 ARRIANO
726 3393 779 3435 SUO
800 3394 822 3434 S.

151 3505 231 3579 Quia
254 3503 410 3566 tardiorem
434 3500 591 3565 adventum
611 3516 693 3565 tuum
717 3507 873 3584 prospicio,
894 3506 998 3566 librum
1020 3525 1108 3584 quem

107 3605 255 3682 prioribus
282 3605 411 3683 epistulis
438 3606 627 3682 promiseram
657 3605 791 3666 exhibeo.
847 3605 938 3666 Hune
969 3623 1042 3684 rogo
1071 3627 1108 3666 err

603 3719 621 3762 n
