2626 3976
187 173 344 223 LETTERS
367 175 411 223 OF
433 176 463 225 G.
478 175 626 223 PLINIUS
648 174 836 223 CAECILIUS
856 173 1051 227 SECUNDUS.
1096 179 1137 245 93

472 391 522 446 75.
566 382 698 465 (BOOK
720 403 747 458 9.
770 379 812 460 6.)

168 512 223 562 The
235 513 385 580 occupatiori
398 515 429 564 os
441 515 483 565 the
494 516 604 566 Romans
615 516 640 564 in
657 515 699 566 the
715 531 801 580 games
814 514 845 563 of
857 514 898 564 the
915 515 1010 573 Circus,
1020 516 1046 564 in
1057 515 1140 566 which

134 594 209 658 Pliny
221 611 266 645 can
277 613 317 646 see
328 613 360 646 no
372 597 477 647 element
488 598 518 646 of
525 597 633 648 rational
643 597 752 652 interest,
760 597 805 645 has
817 596 890 660 given
902 597 974 662 Pliny
985 614 1000 648 a
1011 597 1059 647 few
1069 595 1140 662 days'

134 677 223 733 leisure
235 679 274 728 for
284 679 384 744 literary
395 680 512 746 pursuits

422 819 447 860 C.
470 819 582 860 PLINIUS
603 818 734 861 CALVISIO
754 818 808 859 SUO
829 818 852 858 S.

176 930 274 991 Omne
288 933 345 992 hoc
359 943 475 1012 tempus
489 935 563 993 inter
577 935 731 1012 pugillares
746 952 780 991 ac
799 933 912 992 libellos
927 935 1137 996 iucundissima

134 1031 230 1106 quiete
258 1033 413 1092 transmisi.
469 1033 588 1106 ‘Quem
622 1033 659 1092 ad
686 1031 825 1091 modum'
855 1033 953 1109 inquis
988 1036 1036 1093 ‘in
1065 1037 1137 1094 urbe

134 1129 289 1205 potuisti?'
346 1131 499 1191 Circenses
537 1141 627 1202 erant,
663 1150 723 1208 quo
758 1147 866 1206 genere
905 1135 1063 1208 spectaculi
1098 1154 1137 1193 ne

132 1228 277 1286 levissime
298 1230 416 1306 quidem
438 1240 548 1289 teneor.
591 1229 670 1288 Nihil
690 1248 808 1300 novum,
831 1229 903 1287 nihil
924 1232 1043 1303 varium,
1065 1233 1137 1291 nihil

105 1326 214 1402 5,quod
237 1345 298 1386 non
321 1329 412 1388 semel
432 1338 579 1405 spectasse
600 1328 730 1389 sufficiat.
773 1328 843 1401 Quo
864 1329 958 1406 magis
981 1330 1070 1388 miror
1093 1342 1136 1390 tot

133 1425 214 1484 milia
241 1427 367 1487 virorum
402 1439 462 1486 tarn
497 1427 642 1504 pueriliter
669 1427 828 1486 identidem
856 1446 962 1504 cupere
988 1439 1136 1488 currentes

134 1542 236 1602 equos,
257 1527 423 1586 insistentes
446 1529 575 1586 curribus
595 1527 730 1586 homines
754 1527 859 1586 videre.
911 1525 942 1584 Si
963 1537 1062 1587 tamen
1087 1539 1137 1588 aut

134 1624 286 1683 velocitate
313 1643 457 1702 equorum
484 1635 535 1685 aut
563 1625 716 1684 hominum
747 1636 807 1685 arte
839 1626 1028 1698 traherentur,
1058 1638 1136 1688 esset

133 1723 208 1782 ratio
236 1741 297 1782 non
324 1725 418 1785 nulla:
454 1744 532 1785 nunc
556 1725 653 1784 favent
676 1743 786 1801 panno,
811 1745 942 1801 pannum
970 1737 1078 1797 amant,
1107 1739 1136 1787 et

88 1851 120 1885 10
135 1822 160 1881 si
187 1823 218 1880 in
244 1822 311 1900 ipso
339 1841 425 1883 cursu
448 1824 604 1901 medioque
629 1825 785 1883 certamine
813 1824 859 1883 hic
883 1824 964 1883 color
987 1825 1063 1898 illuc,
1087 1826 1136 1885 ille

133 1921 191 1980 huc
225 1921 420 1995 transferatur,
448 1924 574 1982 studium
609 1922 748 1999 favorque
782 1923 921 1995 transibit,
951 1933 980 1982 et
1014 1935 1135 2001 repente

135 2022 290 2098 agitatores
312 2023 385 2095 illos,
406 2041 498 2100 equos
519 2023 593 2095 illos,
614 2041 689 2100 quos
711 2023 815 2098 procul
833 2023 987 2094 noscitant,
1009 2042 1134 2101 quomm

134 2121 283 2179 clamitant
311 2122 440 2193 nomina,
469 2122 639 2198 relinquent.
696 2120 795 2180 Tanta
822 2121 922 2197 gratia,
951 2130 1032 2181 tanta
1066 2142 1135 2182 auc·

133 2220 236 2279 toritas
257 2220 288 2278 in
315 2239 374 2279 una
401 2220 539 2280 vilissima
566 2220 672 2291 tunica,
700 2221 783 2279 mitto
812 2220 892 2296 apud
918 2222 1031 2297 vulgus,
1055 2222 1136 2298 quod

90 2343 121 2393 15
135 2319 218 2378 vilius
245 2320 351 2391 tunica,
379 2321 432 2378 sed
461 2321 539 2398 apud
572 2320 715 2398 quosdam
743 2337 845 2395 graves
872 2318 1024 2392 homines;
1060 2339 1135 2398 quos

135 2435 193 2494 ego
215 2436 283 2476 cum
302 2419 440 2480 recordor
460 2419 491 2477 in
510 2437 542 2478 re
562 2419 642 2478 inani
661 2418 765 2494 frigida
787 2416 909 2476 adsidua
933 2427 993 2476 tam
1016 2420 1134 2478 insatia-

134 2517 230 2576 biliter
244 2517 385 2590 desidere,
400 2520 485 2597 capio
505 2519 631 2597 aliquam
653 2517 839 2593 voluptatem,
854 2516 934 2592 quod
953 2517 1008 2575 hac
1030 2518 1133 2596 volup-

135 2625 194 2674 tate
209 2634 270 2675 non
285 2617 392 2694 capior.
434 2618 479 2676 Ac
497 2636 549 2694 per
566 2617 623 2675 hos
642 2617 705 2675 dies
723 2615 910 2674 libentissime
925 2616 1017 2674 otium
1035 2635 1134 2676 meum

136 2715 167 2772 in
201 2713 300 2773 litteris
336 2715 471 2788 conloco,
500 2733 575 2792 quos
609 2715 656 2774 alii
683 2715 868 2775 otiosissimis
895 2717 1136 2792 occupationibus

92 2833 124 2868 20
136 2812 271 2890 perdunt.
312 2813 394 2873 Vale.

472 2954 522 3008 76.
566 2947 694 3026 (BOOK
716 2968 741 3023 9.
766 2944 807 3027 7.)

170 3081 208 3130 As
221 3080 350 3130 Romanus
363 3080 384 3130 is
400 3080 514 3146 building
528 3086 555 3130 at
570 3081 653 3138 Baiae,
665 3097 693 3130 so
709 3080 781 3144 Pliny
795 3096 828 3129 on
843 3080 884 3129 the
896 3080 967 3144 Lago
981 3081 1007 3130 di
1019 3082 1100 3132 Como
1116 3083 1138 3132 is

137 3164 269 3230 enlarging
283 3171 333 3214 two
350 3164 422 3214 villas
438 3163 513 3222 there,
524 3181 583 3228 very
594 3164 704 3214 different
720 3165 745 3213 in
761 3165 825 3214 their
841 3164 959 3214 situation
975 3166 1021 3215 but
1038 3165 1138 3232 equally

138 3247 270 3297 attractive
282 3255 309 3297 to
321 3247 385 3297 their
395 3254 493 3298 master.

431 3387 456 3430 C·
478 3386 589 3428 PLINIUS
609 3384 731 3428 Romano
751 3386 804 3427 SUO
825 3387 846 3429 S.

179 3500 345 3560 Aedificare
372 3508 401 3560 te
429 3502 539 3561 scribis.
592 3500 672 3561 Bene
701 3512 764 3577 est:
798 3502 895 3562 inveni
921 3501 1136 3579 patrocinium,

138 3599 262 3660 aedifico
285 3599 364 3659 enim
384 3599 443 3661 iam
463 3602 583 3676 ratione,
604 3601 672 3680 quia
692 3611 797 3664 tecum.
840 3602 919 3662 Nam
941 3602 998 3663 hoc
1021 3620 1139 3683 qnoque
1189 3586 1197 3605 ¹
