2626 3976
164 187 324 238 LETTERS
347 187 391 237 ΟΡ
413 187 443 239 C.
459 189 607 238 PLINIUS
630 188 814 237 CAECILIUS
836 186 1027 235 SECUNDUS.
1073 182 1115 253 95

113 367 179 410 esse
199 369 268 410 cum
292 369 329 410 eo
354 351 403 427 qui
425 359 505 409 metu
526 360 693 428 temporum
714 367 825 410 nomen
846 350 951 427 ingens
974 367 1118 426 paresque

112 451 231 509 virtutes
247 469 364 509 secessu
379 451 505 526 tegebat,
520 449 611 509 luerat
629 468 696 509 cum
714 450 796 508 Arria
815 459 844 508 et
857 447 979 519 Fannia,
993 465 1116 524 quarum

111 549 203 609 altera
224 547 342 608 Helvidi
363 567 497 620 noverca,
512 550 603 608 altera
622 560 716 608 mater
735 567 887 610 novercae.
929 547 988 608 Sed
1003 548 1118 606 nonita

112 667 161 706 me
176 650 238 707 iura
252 649 361 724 privata
375 657 406 705 ut
421 648 569 724 publicum
584 647 627 707 sas
646 657 676 706 et
694 649 852 724 indignitas
867 649 935 708 facti
949 656 978 706 et
992 647 1119 723 exempli

66 769 97 819 15
112 747 187 805 ratio
201 747 346 805 incitabat.
389 746 434 805 Ac
454 747 555 822 primis
574 747 694 822 quidem
716 746 818 805 diebus
832 746 961 805 redditae
980 746 1118 804 libertatis

112 864 168 921 pro
191 863 222 904 se
243 846 365 921 quisque
384 845 520 904 inimicos
544 864 623 918 suos,
643 847 795 904 dumtaxat
814 847 952 916 minores,
966 845 1118 904 incondito

112 944 287 1020 turbidoque
302 944 429 1004 clamore
450 945 646 1022 postulaverat
665 945 750 1004 simul
770 954 798 1004 et
817 954 1010 1021 oppresserat.
1051 943 1118 1020 Ego

112 1053 143 1101 et
164 1043 324 1102 modestius
346 1053 375 1101 et
396 1044 576 1103 constantius
597 1045 751 1103 arbitratus
769 1044 1013 1102 immanissimum
1036 1059 1118 1101 reum

112 1160 176 1201 non
190 1143 339 1200 communi
353 1151 519 1219 temporum
533 1143 649 1214 invidia,
665 1144 718 1203 sed
737 1143 854 1220 proprio
869 1142 989 1201 crimine
1005 1160 1117 1218 urgere,

66 1257 99 1291 20
113 1257 181 1299 cum
195 1241 253 1299 iam
274 1241 343 1300 satis
361 1243 471 1318 primus
486 1243 532 1300 ille
551 1243 677 1319 impetus
697 1241 897 1301 defremuisset
911 1251 940 1300 et
953 1239 1119 1317 languidior

113 1340 144 1398 in
170 1340 231 1398 dies
254 1341 297 1398 ira
321 1343 360 1400 ad
383 1341 521 1400 iustitiam
545 1342 675 1411 redisset,
700 1357 879 1418 quamquam
904 1350 966 1399 tum
990 1341 1118 1398 maxime

112 1439 201 1498 tristis
221 1440 329 1498 amissa
351 1457 445 1515 nuper
470 1458 570 1510 uxore,
592 1440 675 1498 mitto
701 1441 739 1498 ad
760 1439 896 1499 Anteiam
920 1436 1023 1516 (nupta
1044 1438 1118 1498 haec
1205 1494 1208 1500 .

114 1536 251 1595 Helvidio
266 1536 379 1616 fuerat),
393 1555 466 1614 rogo
481 1547 512 1597 ut
526 1539 631 1610 veniat,
646 1540 714 1616 quia
729 1557 776 1597 me
796 1557 898 1598 recens
913 1539 1009 1597 adhuc
1022 1537 1117 1597 luctus

113 1636 212 1695 limine
227 1637 396 1695 contineret.
440 1635 479 1695 Ut
492 1639 578 1709 venit,
601 1639 795 1697 ‘destinatum
813 1637 873 1698 est'
892 1640 1012 1714 inquam
1028 1636 1119 1694 ‘mihi

69 1753 99 1803 ²5
114 1736 249 1794 maritum
264 1746 346 1794 tuum
359 1754 421 1795 non
435 1737 558 1797 inultum
574 1739 644 1814 pati.
686 1737 798 1797 Nuntia
812 1737 912 1796 Arriae
931 1746 961 1794 et
975 1735 1117 1795 Fanniae’

116 1835 168 1908 (ab
191 1835 278 1893 exilio
303 1833 479 1913 redierant)2
509 1837 647 1896 ‘consule
671 1846 708 1908 te,
732 1835 851 1895 consule
875 1836 946 1907 illas,
969 1853 1008 1892 an
1027 1834 1119 1893 velitis

115 1933 239 1992 adscribi
264 1931 350 2006 iacto,
372 1935 402 1992 in
423 1951 484 2011 quo
505 1951 562 2010 ego
585 1935 692 1993 comite
716 1952 777 1993 non
799 1951 890 2010 egeo;
921 1933 973 1992 sed
996 1950 1057 1991 non
1080 1934 1119 1990 ita

114 2032 223 2109 gloriae
252 2049 335 2092 meae
363 2025 490 2105 faverim,
518 2044 551 2093 ut
578 2035 661 2092 vobis
694 2034 832 2092 societate
865 2033 927 2092 eius
954 2029 1118 2090 invideam?

115 2129 225 2190 Perfert
248 2131 354 2190 Anteia
381 2133 527 2199 mandata,
555 2151 611 2191 nec
638 2132 702 2190 illae
721 2140 890 2216 morantur.
941 2128 1118 2206 Opportune

71 2253 101 2299 30
115 2239 233 2288 senatus
254 2231 328 2288 intra
349 2231 427 2290 diem
447 2231 571 2290 tertium.
613 2230 724 2290 Omnia
745 2248 803 2306 ego
823 2247 939 2307 semper
961 2229 999 2288 ad
1018 2228 1119 2290 Corel-

114 2329 186 2388 lium
213 2329 315 2401 rettuli,
342 2348 431 2406 quem
454 2329 741 2407 providentissimum
768 2329 869 2388 aetatis
896 2340 1014 2387 nostrae
1043 2329 1119 2405 sapi-

116 2428 355 2504 entissimumque
383 2430 526 2505 cognovi3
558 2430 589 2487 in
613 2429 671 2488 hoc
694 2438 792 2487 tamen
814 2437 970 2486 contentus
995 2427 1118 2486 consilio

115 2545 184 2586 meo
195 2527 244 2598 fui,
253 2528 360 2586 veritus
374 2546 411 2586 ne
425 2538 550 2588 vetaret:
573 2538 633 2587 erat
647 2528 726 2586 enim
741 2527 926 2587 cunctantior
940 2528 1120 2603 cautiorque.

118 2625 176 2684 Sed
190 2644 252 2684 non
266 2628 387 2685 sustinui
401 2626 537 2685 inducere
557 2628 587 2686 in
607 2628 739 2687 animum
755 2645 815 2704 quo
837 2627 933 2684 minus
954 2626 993 2685 illi
1012 2626 1118 2684 eodem

72 2744 101 2794 35
117 2726 163 2784 die
186 2725 327 2784 facturum
348 2743 396 2784 me
418 2726 577 2785 indicarem
598 2726 679 2803 quod
701 2745 740 2785 an
762 2726 889 2786 lacerem
912 2743 973 2784 non
997 2725 1119 2785 deliber-

116 2827 213 2895 abam,
229 2833 364 2900 expertus
379 2841 434 2883 usu
453 2825 490 2883 de
509 2843 546 2883 eo
567 2827 648 2901 quod
670 2825 859 2886 destinaveris
878 2843 940 2884 non
961 2843 1026 2884 esse
1048 2844 1119 2884 con·

116 2924 256 2984 sulendos
270 2923 375 3000 quibus
389 2924 529 2982 consultis
543 2925 667 3001 obsequi
679 2925 796 2985 debeas.
824 2924 921 2984 Venio
933 2925 962 2983 in
975 2936 1118 2996 senatum,

115 3024 161 3082 ius
191 3022 306 3080 dicendi
334 3032 411 3098 peto,
436 3023 503 3082 dico
531 3023 679 3099 paulisper
706 3025 835 3083 maximo
863 3024 997 3084 adsensu.
1060 3025 1119 3083 Ubi

116 3121 202 3197 coepi
228 3121 338 3179 crimen
360 3122 509 3198 attingere,
531 3139 613 3181 reum
639 3123 791 3194 destinare,
814 3123 910 3182 adhuc
933 3133 1033 3182 tamen
1057 3124 1119 3181 sine

72 3241 103 3289 40
117 3220 248 3291 nomine,
275 3218 405 3296 undique
435 3220 507 3280 mihi
541 3221 698 3280 reclamari.
754 3222 837 3282 Alius
872 3223 1026 3296 ‘sciamus
1054 3223 1119 3298 quis

116 3322 154 3380 sit
183 3319 220 3377 de
248 3335 309 3394 quo
334 3329 416 3379 extra
438 3321 571 3380 ordinem
595 3320 733 3396 referas3'
768 3323 840 3382 alius
869 3325 951 3398 ‘quis
979 3332 1023 3382 est
1051 3332 1118 3382 ante

117 3418 290 3477 relationem
323 3418 422 3478 reus’?
464 3421 536 3480 alius
571 3421 662 3480 ‘salvi
696 3421 795 3492 simus,
827 3423 877 3499 qui
912 3421 1118 3498 supersumus!

117 3517 217 3577 Audio
242 3518 466 3594 inperturbatus
490 3519 650 3579 interritus:
683 3529 796 3579 tantum
821 3530 972 3595 susceptae
996 3522 1037 3579 rei
1065 3521 1119 3580 ho-

117 3627 217 3676 nestas
231 3617 308 3676 valet
322 3626 492 3694 tantumque
506 3619 543 3678 ad
563 3619 699 3686 fiduciam
713 3622 758 3680 vel
776 3633 888 3684 metum
907 3620 1010 3694 differt,
1026 3621 1119 3681 nolint
