2636 3980
184 169 225 236 62
453 181 476 228 A
502 181 699 230 srrrcrrou
717 181 823 230 anon
845 181 913 229 rura

180 342 343 401 Perfectum
358 360 432 418 opus
452 342 674 418 absolutumque
694 353 738 400 est
759 361 813 400 nec
835 343 893 400 iam
915 342 1090 418 splendescit
1105 342 1183 414 lima,

179 442 231 500 sed
244 443 378 498 atteritur.
423 441 524 498 Patere
545 460 593 499 me
608 441 703 499 videre
725 441 837 500 titulum
858 451 949 512 tuum,
965 451 1064 516 patere
1084 441 1184 499 audire
1198 461 1230 496 10

179 540 302 599 describi
337 539 394 615 legi
422 540 519 598 venire
548 540 694 598 volumina
729 540 890 616 Tranquilli
921 540 988 596 mei.
1045 539 1184 614 Aequum

179 649 222 698 est
257 657 313 698 nos
348 639 378 696 in
407 656 505 696 amore
530 647 590 695 tarn
618 648 719 697 mutuo
749 639 872 697 eandem
903 638 1054 714 percipere
1081 657 1118 696 ex
1153 647 1182 696 te

178 738 364 813 voluptatem,
387 755 444 814 qua
465 746 495 795 tu
517 736 670 812 perfrueris
693 757 729 796 ex
751 739 844 798 nobis.
886 736 967 796 Vale.

496 955 549 1007 48.
593 947 720 1027 (BOOK
744 963 769 1022 5.
796 945 854 1028 14.)

211 1095 294 1144 While
307 1095 378 1160 Pliny
389 1065 440 1144 uras
457 1095 571 1159 enjoying
589 1101 693 1158 country
704 1094 844 1143 retirement
861 1093 922 1142 with
939 1093 979 1142 his
993 1093 1068 1142 wife’s
1086 1093 1179 1155 family,

178 1179 220 1226 the
237 1195 303 1227 news
314 1179 359 1228 has
370 1179 474 1227 reached
490 1178 542 1227 him
555 1178 585 1226 of
597 1179 729 1227 Cornutus’
741 1178 914 1241 appointment
925 1193 952 1226 as
963 1177 1082 1240 guardian
1095 1176 1124 1224 of
1138 1176 1181 1224 the

177 1263 302 1312 Aemilian
313 1280 374 1326 way,
388 1280 420 1312 an
431 1270 502 1312 event
514 1263 596 1311 which
607 1262 674 1327 gives
685 1263 737 1310 him
749 1262 839 1311 sincere
851 1261 1012 1310 satisfaction.

482 1415 506 1455 C.
523 1415 634 1455 PLINIUS
655 1415 760 1456 PONTIO
781 1415 834 1456 SUO
855 1413 878 1455 S.

219 1537 403 1596 Secesseram
420 1539 450 1595 in
469 1538 668 1614 municipium,
684 1557 751 1596 cum
773 1538 842 1596 mihi
864 1538 1027 1596 nuntiatum
1047 1547 1091 1596 est
1106 1537 1177 1596 Cor-

176 1645 278 1694 nutum
303 1636 465 1696 Tertullum
489 1637 638 1713 accepisse
661 1637 802 1696 Aemiliae
825 1638 887 1695 viae
913 1655 1020 1695 curam.
1073 1636 1177 1711 Expri-

176 1753 255 1794 mere
283 1754 344 1794 non
372 1754 502 1811 possum,
527 1745 637 1812 quanto
662 1736 716 1793 sim
741 1737 848 1811 gaudio
874 1735 1004 1794 adfectus
1033 1745 1061 1793 et
1086 1735 1177 1810 ipsius

176 1845 204 1893 et
225 1853 292 1892 meo
316 1836 451 1907 nomme3
482 1835 579 1910 ipsius,
602 1835 692 1911 quod,
715 1836 749 1893 sit
770 1835 846 1905 licet,
868 1836 941 1893 sicut
962 1843 1013 1904 est,
1037 1834 1074 1891 ab
1095 1835 1178 1891 omni

176 1933 333 1992 ambitione
355 1933 442 2009 longe
463 1942 599 2003 remotus,
623 1934 710 1992 debet
734 1945 832 1992 tamen
858 1933 883 1991 ei
912 1932 1055 1990 iucundus
1080 1932 1203 1996 honor5

175 2051 239 2091 esse
262 2033 336 2090 ultro
358 2032 460 2105 datus;
490 2051 566 2102 meo,
588 2033 669 2108 quod
690 2034 837 2110 aliquanto
862 2032 956 2107 magis
980 2049 1028 2088 me
1051 2030 1176 2089 delectat

174 2130 345 2188 mandatum
376 2130 446 2186 mihi
475 2131 611 2201 officium,
640 2141 797 2207 postquam
825 2149 878 2206 par
908 2129 1040 2188 Cornuto
1055 2130 1175 2204 ,datum

174 2229 267 2286 video
310 2227 414 2310 Neque
440 2229 517 2286 enirn
541 2229 639 2305 augeri
668 2229 806 2305 dignitate
831 2247 920 2304 quam
945 2227 1062 2304 aequari
1086 2227 1174 2286 bonis

173 2327 290 2404 gratius.
334 2325 465 2385 Cornuto
480 2336 575 2384 autern
595 2327 664 2402 quid
682 2328 803 2387 melius?
834 2327 904 2402 quid
924 2326 1073 2384 sanctius?
1104 2325 1174 2401 quid

172 2427 203 2482 in
224 2426 305 2484 omni
325 2444 431 2501 genere
451 2425 543 2483 laudis
565 2426 602 2483 ad
623 2425 770 2502 exemplar
791 2425 967 2501 antiquitatis
989 2424 1173 2499 expressius?
1187 2447 1218 2480 10

173 2522 262 2595 Quod
284 2524 354 2582 mihi
377 2524 527 2600 cognitum
549 2533 674 2582 estnon
697 2521 782 2597 fama,
805 2542 863 2601 qua
884 2523 991 2599 alioqui
1012 2522 1122 2597 optima
1144 2535 1173 2580 et

172 2623 354 2681 meritissima
389 2621 496 2692 fruitur,
530 2623 582 2681 sed
617 2622 712 2699 longis
748 2623 920 2698 magnisque
956 2619 1170 2695 experimentis.

170 2717 239 2777 Una
253 2720 406 2796 diligimus
422 2738 482 2778 una
501 2719 651 2778 dileximus
673 2738 775 2779 omnes
796 2720 856 2778 fere
877 2737 950 2795 quos
973 2727 1051 2776 aetas
1071 2728 1173 2776 nostra

169 2823 199 2878 in
223 2829 346 2894 utroque
372 2837 443 2877 sexu
468 2817 658 2876 aemulandos
682 2820 760 2891 tulit;
798 2837 872 2894 quae
898 2818 1021 2876 societas
1050 2817 1170 2875 amiciti-

169 2936 249 2976 arum
265 2917 406 2975 artissima
419 2935 474 2974 nos
486 2916 675 2974 familiaritate
686 2917 844 2974 coniunxit.
876 2915 1008 2974 Accessit
1022 2916 1170 2975 vinculum
1183 2939 1213 2989 15
1310 2911 1311 2986 3

170 3016 390 3076 necessitudinis
411 3016 554 3095 publicae.
596 3016 680 3074 Idem
706 3019 784 3074 enim
809 3016 888 3086 mihi,
910 3025 941 3073 ut
965 3015 1030 3085 scis,
1056 3015 1170 3092 collega
1310 3013 1311 3020 '

169 3117 251 3192 quasi
281 3125 348 3172 voto
377 3116 483 3190 petitus
512 3116 542 3172 in
571 3115 751 3192 praefectura
779 3115 877 3172 aerarii
908 3113 968 3185 fuit,
998 3113 1050 3171 fuit
1079 3123 1108 3171 et
1138 3115 1168 3171 in

169 3214 328 3274 consulatu.
372 3212 451 3270 Tum
480 3233 534 3290 ego
564 3216 613 3290 qui
642 3215 684 3272 vir
712 3224 740 3273 et
769 3223 895 3290 quantus
924 3222 1000 3271 esset
1030 3213 1168 3272 altissime

168 3313 289 3390 inspexi,
312 3330 379 3369 cum
402 3330 537 3387 sequerer
558 3323 588 3370 ut
609 3314 787 3388 magistrum,
809 3322 841 3370 ut
866 3322 1016 3388 parentem
1037 3331 1167 3385 vererer3

168 3411 248 3486 quod
276 3428 337 3468 non
365 3419 424 3466 tam
450 3410 550 3468 aetatis
585 3411 746 3469 maturitate
776 3428 864 3485 quant
892 3412 966 3469 vitae
994 3411 1166 3470 merebatur.
1179 3431 1210 3466 20

168 3509 224 3566 His
247 3529 282 3566 ex
307 3509 400 3567 causis
421 3517 453 3565 ut
474 3509 512 3565 illi
534 3509 574 3566 sic
595 3509 666 3566 mihi
687 3507 820 3583 gratulor,
843 3527 897 3566 nec
919 3509 1051 3585 privatim
1072 3511 1166 3584 magis

167 3625 254 3684 quam
277 3608 399 3683 publice,
424 3608 505 3684 quod
527 3608 645 3666 tandem
668 3607 804 3665 homines
828 3625 888 3666 non
911 3609 949 3667 ad
973 3607 1109 3683 pericula,
1132 3619 1165 3666 ut
