2626 3976
154 210 312 260 IETTERS
335 215 379 262 OF
401 216 430 266 C.
446 217 594 265 PLINIUS
616 218 802 267 CAECILIUS
823 216 1014 264 SECUNDUS.
1048 221 1104 264 101

109 371 232 448 impulit,
250 393 329 436 nunc
350 377 468 437 infertur
490 379 570 446 mari,
592 399 670 438 nunc
691 379 819 438 redditur
837 389 952 454 stagno.
1002 376 1108 436 Omnis

66 483 96 518 10
109 469 156 529 hic
185 483 264 531 aetas
293 475 426 551 piscandi
454 477 610 553 navigandi
639 488 725 554 atque
754 480 840 537 etiam
868 476 987 536 natandi
1014 475 1109 534 studio

108 579 232 644 tenetur,
253 575 379 634 maxime
399 577 490 653 pueri,
505 595 580 654 quos
599 577 690 636 otium
710 578 848 653 lususque
870 576 1010 635 sollicitat.
1053 573 1109 630 His

109 668 203 743 gloria
216 682 245 730 et
259 672 348 732 virtus
367 675 503 734 altissime
522 676 659 751 provehi:
690 677 781 736 victor
802 676 848 734 ille
870 675 920 751 qui
940 672 1109 748 longissime

109 778 140 825 ut
165 769 231 828 litus
256 771 294 828 ita
319 772 404 830 simul
428 783 561 833 natantes
589 775 712 851 reliquit.
754 774 824 834 Hoc
853 773 1008 832 certamine
1036 789 1108 847 puer
1133 827 1136 834 .

110 867 231 942 quidam
252 871 404 930 audentior
425 853 579 932 ceteris‘in
601 874 736 932 ulteriora
757 873 902 931 tendebat.
946 871 1109 946 Delphinus

66 983 94 1032 15
110 967 236 1024 occurrit
256 978 285 1026 et
306 987 384 1028 nunc
405 971 579 1046 praecedere
603 991 736 1048 puemm,
751 989 830 1030 nunc
852 971 943 1048 sequi,
958 988 1037 1029 nunc
1056 971 1109 1028 cir-

109 1065 229 1137 cumire,
248 1079 398 1142 postremo
420 1071 523 1141 subire,
547 1071 703 1146 deponere,
720 1072 824 1129 iterum
845 1070 941 1130 subire
964 1068 1109 1144 trepidan-

108 1174 228 1239 temque
254 1166 380 1241 perferre
414 1169 539 1245 primum
574 1171 604 1227 in
632 1169 730 1240 altum,
759 1186 828 1228 mox
856 1168 945 1226 flectit
978 1167 1015 1225 ad
1044 1167 1109 1225 litus

108 1263 260 1339 redditque
281 1273 372 1324 terrae
394 1277 422 1326 et
443 1268 618 1342 aequalibus
662 1266 757 1344 Serpit
775 1286 827 1342 per
847 1266 993 1325 coloniam
1013 1265 1107 1322 fama:

109 1378 282 1421 concurrere
317 1382 430 1437 omnes,
466 1367 562 1441 ipsum
596 1385 719 1443 puerum
753 1377 903 1442 tamquam
938 1364 1108 1423 miraculum

66 1474 96 1508 20
110 1461 249 1536 aspicere,
263 1458 448 1538 interrogare,
469 1464 574 1534 audire,
595 1483 720 1524 narrare.
763 1465 884 1524 Postero
906 1465 952 1522 die
974 1463 1109 1522 obsident

108 1559 183 1630 litus,
205 1571 392 1636 prospectant
414 1581 493 1621 mare
517 1573 546 1620 et
568 1564 663 1639 siquid
687 1576 731 1623 est
754 1565 826 1622 mari
849 1564 948 1622 simile.
1000 1562 1110 1621 Natant

108 1659 200 1735 pueri,
212 1659 285 1718 inter
295 1660 351 1720 hos
362 1661 416 1733 ille,
430 1662 481 1720 sed
496 1663 614 1720 cautius
647 1662 812 1740 Delphinus
826 1680 922 1721 rursus
933 1662 971 1720 ad
985 1672 1109 1737 tempuS,

109 1775 208 1816 rursus
237 1758 274 1816 ad
302 1777 433 1834 puerum.
485 1759 571 1836 Fugit
598 1761 645 1819 ille
674 1780 742 1819 cum
770 1762 879 1820 ceteris.
936 1759 1110 1835 Delphinus,

110 1857 194 1932 quasi
208 1857 306 1915 invitet
319 1867 443 1930 revocet,
459 1860 538 1917 exilit
558 1861 695 1935 mergitur
709 1860 862 1936 variosque
881 1861 967 1917 orbes
981 1857 1110 1933 implicat

66 1973 95 2020 ²5
110 1955 293 2032 expeditque.
338 1956 407 2016 Hoc
422 1957 511 2016 altero
527 1957 583 2027 die,
598 1957 655 2016 hoc
675 1958 767 2029 tertio,
782 1957 840 2016 hoc
859 1958 997 2034 pluribus,
1012 1957 1109 2015 donec

110 2054 245 2112 homines
266 2055 421 2114 innutritos
442 2057 514 2114 mari
537 2057 645 2116 subiret
666 2056 787 2115 timendi
810 2058 914 2134 pudor.
954 2054 1109 2114 Accedunt

110 2161 139 2210 et
174 2153 314 2211 adludunt
348 2164 378 2212 et
412 2155 566 2230 appellant,
595 2165 719 2231 tangunt
754 2155 841 2213 etiam
876 2164 1110 2231 pertrectantque

111 2253 307 2327 praebentem.
351 2252 462 2313 Crescit
490 2254 612 2313 audacia
635 2255 842 2329 experimento.
887 2254 1016 2312 Maxime
1038 2271 1109 2328 puer

111 2352 161 2428 qui
189 2353 300 2427 primus
328 2364 464 2429 expertus
492 2362 536 2412 est
565 2354 691 2425 adnatat,
716 2354 803 2413 insilit
832 2364 921 2429 tergo,
951 2352 1038 2411 fertur
1066 2370 1109 2408 re-

65 2472 97 2520 30
111 2452 265 2529 ferturque,
290 2454 413 2529 agnosci
440 2471 471 2513 se
500 2464 530 2529 et
556 2454 647 2512 amari
671 2463 762 2529 putat,
788 2464 866 2512 amat
894 2454 974 2529 ipse:
1009 2461 1110 2508 neuter

111 2552 200 2622 timet,
229 2561 330 2610 neuter
363 2553 495 2611 timetur:
540 2553 624 2611 huius
659 2553 772 2624 fiducia,
806 2550 1000 2610 mansuetudo
1034 2549 1109 2607 illius

111 2660 240 2726 augetur.
292 2647 440 2709 Necnon
465 2651 511 2709 alii
534 2651 614 2727 pueri
637 2652 737 2710 dextra
760 2650 899 2725 laevaque
927 2648 1012 2707 simul
1039 2658 1109 2706 eunt

9 2773 10 2832 l
111 2749 258 2808 hortantes
293 2759 514 2826 monentesque.
570 2750 634 2808 Ibat
669 2768 729 2809 una
764 2746 806 2827 (id
840 2766 957 2825 quoque
991 2746 1109 2825 mirum)

111 2847 266 2923 delphinus
294 2849 375 2919 alius,
404 2858 516 2907 tantum
546 2859 691 2925 spectator
718 2849 759 2906 et'
779 2864 897 2906 comes:
933 2845 1004 2904 nihil
1031 2846 1109 2903 enim

68 2965 96 3015 35
111 2947 205 3005 simile
224 2957 273 3004 aut
293 2946 416 3005 faciebat
437 2957 487 3004 aut
505 2948 674 3022 patiebatur,
690 2948 743 3006 sed
757 2948 876 3005 alterum
890 2945 970 3003 illum
985 2945 1110 3003 ducebat

111 3045 332 3121 reducebatque,
360 3055 392 3103 ut
426 3064 548 3121 puerum
578 3047 664 3105 ceteri
695 3045 784 3122 pueri.
841 3043 1022 3114 incredibile,
1050 3053 1109 3101 tam

110 3161 211 3201 verum
239 3151 337 3201 tamen
366 3162 454 3220 quam
482 3145 586 3220 priora,
616 3144 784 3220 delphinum
812 3152 989 3218 gestatorem
1020 3141 1110 3200 collu-

112 3259 269 3316 soremque
303 3259 461 3316 puerorum
494 3244 524 3299 in
560 3253 665 3300 terram
698 3259 815 3318 quoque
848 3241 960 3300 extrahi
994 3240 1110 3298 solitum

111 3339 286 3414 harenisque
305 3340 454 3410 siccatum,
469 3341 518 3398 ubi
537 3340 710 3410 incaluisset,
725 3340 756 3396 in
775 3357 855 3398 mare
874 3339 985 3397 revolvi.
1030 3334 1110 3394 Con·

68 3464 99 3512 40
112 3449 168 3498 stat
190 3437 344 3497 Octavium
358 3439 485 3510 Avitum,
505 3440 632 3515 legatum
653 3439 845 3515 proconsulis,
866 3440 896 3497 in
917 3439 983 3495 litus
1004 3436 1110 3494 educto

111 3539 252 3614 religione
280 3555 367 3612 prava
395 3537 588 3615 superfudisse
609 3549 800 3614 unguentum,
824 3538 905 3597 cuius
924 3537 1005 3595 illum
1030 3539 1111 3596 novi-

112 3645 203 3696 tatem
228 3636 408 3712 odoremque
433 3637 464 3694 in
488 3637 577 3695 altum
602 3635 741 3712 refugisse
770 3655 824 3695 nec
849 3637 904 3694 nisi
927 3646 995 3713 post
1019 3637 1111 3695 multo
