2626 3976
217 194 278 237 100
472 191 495 238 A
519 191 719 241 SELECTION
737 191 842 240 FROM
865 191 935 239 THE

212 349 323 407 rettuli:
352 368 513 427 numquam
538 361 637 409 tamen
660 353 802 411 maiorem
827 351 892 428 cepi
914 351 1103 427 voluptatem,
1126 359 1242 422 quam5

213 466 306 523 nuper
320 467 357 507 ex
376 467 510 507 sermone
530 447 647 508 Comeli
667 449 770 509 Taciti.
813 449 957 509 Narrabat
979 448 1089 507 sedisse
1112 461 1216 504 seeum

214 547 389 605 circensibus
404 547 544 622 proximis
564 548 692 624 equitem
714 548 903 606 Romanurn:
935 547 1012 606 hunc
1034 555 1101 620 post
1120 543 1217 600 varios

214 645 399 723 eruditosque
415 662 564 703 sermones
579 647 734 722 requisisse
750 646 883 705 ‘Italicus
894 665 926 704 es
936 665 975 704 an
989 640 1216 720 provincialisi’:

214 762 244 802 se
269 743 454 820 respondisse
480 743 575 801 ‘nosti
600 763 656 815 rne,
678 753 707 802 et
729 746 848 822 quidem
873 764 910 803 ex
931 742 1064 803 studiis':
1097 740 1216 800 adhoc

212 843 293 900 illum
318 841 457 899 ‘Tacitus
479 859 511 899 es
535 860 573 898 an
601 841 751 900 Pliniusi'.
801 843 972 920 Exprimere
996 861 1057 900 non
1081 857 1214 916 possum,
1230 860 1255 894 10

215 957 303 1017 quarn
318 941 354 998 sit
368 939 527 998 iucundum
547 939 626 1013 mihi,
642 941 723 1017 quod
742 943 863 1000 nomina
884 950 984 1000 nostra
1004 941 1086 1015 quasi
1110 939 1215 997 littera·

214 1056 278 1094 rum
292 1040 418 1114 propria,
433 1056 495 1096 non
513 1037 676 1110 hominurn,
690 1041 790 1098 litteris
809 1041 976 1109 redduntur,
992 1039 1073 1116 quod
1093 1048 1216 1112 uterque

214 1147 346 1196 nostrum
361 1137 405 1195 his
420 1137 507 1195 etiarn
522 1155 558 1196 ex
573 1137 674 1196 studiis
692 1148 787 1210 notus,
803 1140 908 1214 quibus
928 1137 1008 1196 aliter
1022 1138 1142 1213 ignotus
1162 1144 1215 1194 est.

213 1235 328 1293 Accidit
361 1235 439 1294 aliud
473 1245 541 1294 ante
576 1236 717 1310 pauculos
752 1238 813 1297 dies
850 1237 949 1296 simile.
1012 1235 1217 1294 Recumbebat
1297 1257 1298 1284 i

212 1353 330 1393 mecum
354 1335 396 1392 vir
418 1335 560 1410 egregius
582 1335 688 1394 Fadius
712 1335 844 1406 Rufinus,
865 1353 1040 1410 supereum
1061 1335 1216 1408 municeps
1231 1356 1255 1405 15

213 1434 310 1508 ipsius,
326 1435 375 1510 qui
396 1433 445 1491 illo
467 1433 513 1491 die
535 1434 661 1508 primurn
682 1444 800 1493 venerat
821 1435 850 1492 in
871 1435 992 1505 urbem;
1025 1434 1071 1492 cui
1090 1432 1217 1490 Rufinus
1297 1399 1298 1466 l

215 1531 418 1590 demonstrans
446 1549 494 1588 me
524 1531 622 1590 ‘vides
649 1531 758 1591 hunci’
794 1533 887 1592 Multa
915 1532 1020 1592 deinde
1049 1531 1086 1590 de
1114 1531 1217 1590 studiis

214 1630 327 1688 nostris.
383 1629 422 1687 Et
456 1629 502 1689 ille
538 1629 667 1689 ‘Plinius
702 1631 760 1690 est'
796 1633 897 1709 inquit.
954 1630 1066 1688 Vemm
1094 1630 1217 1703 fatebor,

214 1729 299 1805 capio
324 1746 466 1806 magnum
489 1728 596 1789 laboris
617 1730 676 1787 mei
697 1730 831 1788 fructum.
873 1730 931 1801 An,
953 1730 978 1788 si
998 1728 1217 1788 Demosthenes
1297 1687 1298 1768 l

213 1829 274 1886 iure
302 1827 424 1886 laetatus
452 1837 504 1900 est,
534 1828 614 1904 quod
648 1828 730 1886 illurn
762 1847 834 1887 anus
863 1829 960 1887 Attica
987 1828 1026 1886 ita
1053 1828 1216 1898 noscitavit,
1230 1849 1255 1882 ιο
1297 1877 1298 1912 q

213 1928 287 1984 οὗτός
307 1929 364 1984 ἐστι
387 1929 558 1999 Δημοσθένης,
580 1945 639 2003 ego
664 1927 827 1987 celebritate
852 1927 980 1985 nominis
1005 1927 1063 1984 mei
1087 1926 1217 2002 gaudere
1297 1919 1298 1960 t

214 2043 275 2083 non
299 2025 413 2085 debeo?
463 2024 531 2102 Ego
554 2043 622 2084 vero
650 2035 680 2084 et
707 2026 822 2102 gaudeo
849 2035 879 2084 et
906 2025 1034 2101 gaudere
1061 2043 1109 2082 me
1139 2025 1214 2088 dico

214 2123 320 2199 Neque
334 2125 413 2182 enim
427 2142 526 2183 vereor
541 2144 578 2184 ne
597 2125 749 2185 iactantior
768 2126 873 2196 videar,
889 2143 956 2184 cum
979 2124 1015 2183 de
1029 2142 1076 2181 me
1092 2123 1216 2183 aliorum

213 2222 361 2293 iudicium,
376 2239 438 2280 non
462 2241 561 2280 meum
584 2223 711 2299 profero,
735 2222 905 2300 praesertim
927 2222 1006 2298 apud
1029 2232 1066 2292 te,
1086 2222 1137 2298 qui
1160 2241 1215 2280 nec

215 2320 299 2382 ullius
313 2319 424 2379 invides
438 2319 569 2380 laudibus
584 2331 613 2379 et
627 2321 706 2384 faves
720 2321 834 2381 nostris.
878 2320 960 2380 Vale.
1230 2342 1255 2389 ²5

541 2519 587 2572 81.
629 2510 758 2592 (BOOK
781 2533 807 2589 9.
831 2511 891 2593 33.)

384 2651 438 2700 The
449 2658 517 2715 story
529 2652 558 2701 os
566 2653 608 2702 the
619 2653 669 2716 boy
681 2652 729 2702 and
741 2653 783 2701 the
794 2652 897 2716 dolphin
908 2658 935 2700 at
948 2652 1044 2716 Hippo.

512 2797 536 2839 C.
558 2797 670 2839 PLINIUS
691 2798 797 2840 CANINO
818 2797 871 2838 SUO
892 2797 914 2838 S.

256 2920 350 2978 Incidi
364 2920 394 2978 in
409 2921 559 2979 materiam
570 2938 676 2991 veram,
688 2921 740 2980 sed
755 2920 930 2979 simillimam
941 2920 1024 2979 fictae
1036 2919 1218 2998 dignamque

215 3021 271 3078 isto
299 3020 456 3080 laetissimo
484 3019 624 3078 altissimo
652 3020 796 3096 planeque
824 3021 940 3097 poetico
968 3020 1096 3096 ingenim
1126 3021 1219 3081 incidi

216 3128 321 3191 autem,
336 3119 406 3178 dum
421 3137 508 3194 super
522 3136 625 3177 cenam
637 3119 714 3177 varia
727 3120 864 3177 miracula
879 3119 946 3177 hinc
960 3119 1027 3177 inde
1041 3118 1217 3178 referuntur.
1297 3193 1298 3200 ἵ

216 3219 328 3295 Magna
348 3219 457 3276 auctori
478 3218 559 3277 fides.
601 3216 732 3277 Tametsi
754 3218 824 3294 quid
845 3228 949 3296 poetae
974 3236 1042 3276 cum
1063 3217 1144 3276 fide?
1189 3219 1219 3278 Is

216 3326 314 3377 tamen
335 3325 443 3386 auctor,
455 3316 505 3374 cui
522 3316 597 3375 hene
618 3318 662 3375 vel
681 3317 832 3375 historiam
854 3316 1009 3394 scripturus
1031 3315 1245 3383 credidisses.5

216 3415 268 3474 Est
288 3417 318 3473 in
340 3414 438 3473 Africa
458 3413 661 3491 Hipponensis
685 3416 801 3474 colonia
825 3415 897 3472 mari
921 3415 1070 3491 proxima:
1102 3414 1220 3475 adiacet

217 3515 378 3590 navigabile
391 3523 545 3590 stagnum:
570 3535 606 3573 ex
621 3515 680 3574 hoc
696 3516 726 3574 in
745 3515 867 3573 modurn
889 3514 1016 3573 fluminis
1038 3517 1220 3574 aestuarium

218 3613 346 3688 emergit,
372 3613 452 3689 quod
476 3612 536 3672 vice
559 3613 676 3685 altema‚
700 3621 787 3690 prout
811 3623 908 3672 aestus
930 3623 979 3672 aut
1000 3613 1139 3688 repressit
1169 3625 1222 3674 aut
