2636 3980
179 192 337 242 LETTERS
360 194 403 241 OF
425 193 453 242 0.
470 193 617 241 PLINIUS
642 193 831 242 CAECILIUS
852 193 1044 244 SECUNDUS.
1091 181 1131 261 67

131 371 204 432 pora
218 353 342 431 petebat,
357 353 438 429 quod
452 353 601 412 audituros
616 355 797 430 corrogabat.
844 354 924 427 Quid
938 355 1017 414 enim
1031 355 1132 413 iucun-

131 453 203 522 dius,
218 472 307 529 quam
329 454 383 511 sub
403 453 518 512 alterius
539 453 644 510 invidia
666 471 756 530 quam
777 454 826 512 diu
844 454 913 513 velis
935 463 963 511 et
983 455 1014 511 in
1036 453 1131 512 alieno

131 551 272 610 auditorio
287 554 368 628 quasi
384 551 597 629 deprehensum
613 553 770 611 commode
786 552 900 611 dicere?
942 552 1000 611 Sed
1019 563 1132 612 utcum-

131 668 188 726 que
211 669 242 708 se
262 651 371 709 habent
391 652 451 722 ista,
473 652 548 709 bene
570 650 638 710 fecit
657 650 789 727 Regulus
810 650 892 726 quod
917 660 961 709 est
981 661 1129 725 mortuus;

90 765 120 814 15
131 748 240 821 melius,
257 751 280 808 si
296 761 371 810 ante.
415 749 502 809 Nunc
518 751 596 809 enim
611 769 681 808 sane
700 759 815 826 poterat
834 750 896 808 sine
916 750 993 809 malo
1012 751 1130 827 publico

130 848 223 907 vivere
239 850 293 908 sub
307 868 343 909 eo
357 849 497 926 principe,
509 850 563 908 sub
578 867 637 926 quo
652 867 760 908 nocere
771 867 832 907 non
843 858 965 926 poterat„
1002 849 1075 908 Ideo
1087 850 1132 909 las

130 957 173 1005 est
187 966 249 1006 non
263 966 423 1023 numquam
440 967 506 1006 eum
526 967 672 1024 quaerere.
715 948 793 1006 Nam
813 959 970 1026 postquam
990 951 1061 1008 obiit
1075 949 1130 1022 ille,

130 1046 285 1105 increbruit
305 1046 414 1122 passim
436 1057 464 1105 et
484 1047 602 1106 invaluit
624 1048 806 1106 consuetudo
832 1047 915 1106 binas
936 1048 981 1106 vel
1002 1048 1130 1125 singulas

130 1145 305 1222 clepsydras,
327 1145 472 1203 interdum
493 1145 581 1204 etiam
606 1145 749 1218 dimidias,
771 1155 799 1204 et
824 1147 914 1205 dandi
943 1157 972 1204 et
1002 1148 1130 1224 petendi.

87 1258 121 1293 20
130 1243 209 1301 Nam
223 1253 253 1301 et
266 1243 316 1319 qui
332 1244 431 1302 dicunt
446 1245 540 1321 egisse
558 1244 669 1303 malunt
689 1263 778 1322 quam
800 1263 885 1321 agere
904 1255 932 1304 et
947 1247 996 1321 qui
1011 1247 1130 1305 audiunt

129 1342 211 1401 finire
227 1359 314 1418 quam
329 1341 462 1401 iudicare.
500 1341 597 1400 Tanta
611 1343 804 1419 neglegentia,
819 1353 900 1402 tanta
913 1326 1033 1415 desidia,
1048 1354 1129 1404 tanta

129 1440 255 1516 denique
270 1441 460 1500 inreverentia
474 1442 634 1500 studiorum
648 1443 901 1520 periculorumque
915 1452 966 1502 est.
1010 1443 1058 1501 An
1073 1462 1129 1502 nos

129 1538 317 1614 sapientiores
341 1540 498 1598 maioribus
523 1540 637 1604 nostris,
662 1559 718 1598 nos
745 1541 858 1618 legibus
883 1542 953 1618 ipsis
986 1542 1128 1614 iustiores

129 1655 204 1712 quae
219 1646 262 1696 tot
281 1638 377 1709 horas,
391 1648 434 1696 tot
453 1639 523 1709 dies,
539 1647 581 1696 tot
603 1639 928 1714 comperendinationes
949 1641 1128 1717 largiuntur?

88 1748 118 1797 25
129 1733 262 1795 Hebetes
286 1737 325 1794 illi
350 1747 378 1794 et
400 1755 487 1813 supra
511 1737 633 1795 modum
658 1737 741 1808 tardi,
765 1755 821 1796 nos
847 1740 972 1814 apertius
997 1741 1129 1810 dicimus

129 1835 250 1893 celerius
268 1834 471 1910 intellegimus,
491 1835 652 1910 religiosius
671 1836 839 1907 iudicamus,
855 1838 923 1912 quia
942 1838 1128 1913 paucioribus

129 1934 286 2011 clepsydris
300 1932 524 2010 praecipitamus
544 1952 656 2005 causas
671 1952 760 2010 quam
780 1934 882 1993 diebus
901 1936 1039 2011 explicari
1053 1937 1128 1994 sole·

128 2034 217 2092 bant?
260 2033 287 2093 O
303 2033 426 2109 Regule,
441 2034 490 2110 qui
505 2033 662 2092 ambitione
677 2035 715 2092 ab
730 2034 865 2092 omnibus
880 2035 1032 2094 obtinebas
1047 2037 1128 2112 quod

127 2132 195 2190 fidei
213 2132 379 2208 paucissimi
399 2132 567 2206 praestant?
608 2130 754 2207 Equidem
773 2133 907 2208 quotiens
927 2133 1032 2204 iudico,
1048 2135 1128 2211 quod

86 2230 172 2300 3ovel
187 2231 302 2307 saepius
316 2229 399 2302 facio,
411 2248 500 2307 quam
514 2230 589 2301 dico,
602 2239 743 2306 quantum
754 2232 819 2306 quis
831 2232 985 2309 plurimum
1000 2234 1128 2308 postulat

128 2347 220 2406 aquae
234 2329 282 2388 do.
324 2328 443 2387 Etenim
457 2330 640 2388 temerarium
654 2331 788 2389 existimo
809 2330 943 2401 divinare,
958 2349 1046 2406 quam
1061 2350 1127 2407 spa-

126 2429 200 2486 tiosa
228 2429 264 2486 sit
292 2446 380 2486 causa
407 2428 544 2499 inaudita,
572 2438 747 2506 tempusque
776 2429 896 2504 negotio
926 2429 1015 2501 finire,
1045 2430 1127 2487 cuius

126 2528 248 2586 modum
263 2527 389 2603 ignores,
404 2527 572 2602 praesertim
587 2545 655 2586 cum
669 2528 792 2602 primam
806 2527 938 2604 religioni
953 2545 1023 2585 suae
1037 2525 1124 2585 iudex

127 2626 295 2702 patientiam
310 2626 422 2695 debeat,
438 2643 512 2701 quae
531 2643 598 2701 pars
617 2644 726 2702 magna
746 2627 868 2685 iustitiae
882 2635 934 2684 est.
978 2625 1019 2682 At
1038 2643 1126 2701 quae-

85 2742 115 2791 35
127 2725 195 2782 dam
211 2742 387 2800 supervacua
402 2724 543 2782 dicuntur.
584 2723 698 2782 Etiam:
719 2724 771 2783 sed
783 2725 871 2783 satius
883 2734 927 2782 est
938 2733 966 2782 et
976 2721 1049 2782 haec
1060 2723 1126 2796 dici,

127 2840 216 2900 quam
240 2840 302 2880 non
324 2821 379 2880 dici
400 2822 571 2880 necessaria.
621 2821 774 2881 Praeterea
794 2841 832 2880 an
858 2823 915 2880 sint
939 2840 1126 2899 supervacua,

126 2922 181 2980 nisi
203 2939 272 2979 cum
297 2919 430 2992 audiena,
453 2921 525 2978 scire
549 2937 610 2979 non
637 2923 742 2997 possis.
799 2921 857 2980 Sed
886 2921 922 2979 de
949 2919 994 2979 his
1023 2922 1127 2979 melius

127 3037 236 3090 coram,
250 3027 283 3076 ut
297 3019 333 3078 de
348 3019 477 3094 pluribus
491 3019 565 3077 vitiis
585 3019 716 3080 civitatis.
749 3019 828 3078 Nam
847 3029 879 3078 tu
893 3037 1011 3097 quoque
1027 3038 1126 3078 amore

127 3119 330 3177 communium
365 3119 441 3177 soles
477 3118 625 3177 emendari
653 3138 760 3195 cupere
788 3137 863 3195 quae
898 3119 956 3176 iam
985 3120 1128 3195 corrigere

83 3235 117 3283 40
126 3217 242 3276 difficile
269 3227 320 3276 est.
373 3216 461 3275 Nunc
488 3217 678 3293 respiciamus
703 3218 809 3276 domos
837 3227 961 3276 nostras,
1012 3217 1128 3294 Ecquid

126 3316 228 3375 omnia
248 3316 278 3374 in
300 3325 349 3374 tua
369 3316 466 3374 recte?
508 3313 544 3373 In
572 3334 639 3373 mea
667 3315 735 3374 novi
759 3316 835 3373 nihil.
880 3315 954 3374 Mihi
978 3325 1075 3374 autem
1099 3324 1127 3373 et

125 3414 251 3491 gratiora
266 3423 334 3473 sunt
346 3415 434 3485 bona,
449 3415 530 3491 quod
548 3423 742 3492 perseverant,
757 3425 786 3474 et
801 3415 910 3474 leviora
928 3415 1125 3485 incommoda,

126 3514 208 3592 quod
222 3511 350 3573 adsuevi.
392 3513 474 3571 Vale.

600 3631 649 3672 ra
