2636 3980
466 160 489 208 A
514 159 710 210 SELEGTION
729 161 833 209 FROM
855 160 928 209 THE'

534 420 585 475 25.
628 412 756 494 (BOOK
780 434 806 490 3.
829 417 871 490 5.)

232 561 304 626 Pliny
322 565 473 610 enumeratos
495 560 518 609 in
542 561 615 610 order
633 560 676 611 the
697 561 779 612 books
798 563 894 612 written
916 561 950 625 by
971 561 1010 610 his
1033 559 1118 618 nncle;
1146 559 1195 612 and

199 645 322 694 describes
344 645 386 694 the
408 645 491 693 habits
508 643 539 693 ol
554 645 738 710 extraordinary
753 647 865 710 industry
881 645 962 701 which
979 645 1082 694 enabled
1099 644 1151 692 him
1168 651 1197 690 to

201 729 323 792 ¹complete
339 743 367 776 so
384 734 439 776 vast
456 743 488 776 au
504 735 607 776 amount
624 727 654 776 os
666 729 744 780 work.
1182 754 1185 759 ·

438 883 463 923 C.
484 880 599 923 PLINIUS
618 881 723 926 ΒΑΕΒΙΟ
743 879 842 926 MncRo
863 880 916 923 SUO
937 879 959 923 S.

243 1011 412 1088 Pergratum
432 1023 477 1072 est
497 1014 568 1072 mibi
590 1013 669 1091 quod
693 1023 753 1074 tam
774 1015 925 1092 diligenter
951 1015 1040 1074 libros
1065 1012 1199 1072 avunculi

195 1115 260 1176 ¹mei
287 1114 407 1187 lectitas,
435 1125 466 1172 ut
493 1115 599 1174 habere
627 1132 731 1174 omnes
759 1115 828 1174 velis
856 1133 1036 1192 quaerasque
1063 1115 1112 1190 qui
1141 1115 1199 1172 sint

193 1224 316 1270 omnes.
355 1211 472 1287 Fungar
485 1211 589 1269 indicis
603 1211 732 1286 partibus
748 1220 834 1288 atque
849 1213 1009 1288 etiamque
1025 1211 1081 1270 sint
1095 1209 1200 1268 ordine

195 1309 300 1385 ,scripti
322 1319 424 1368 notum
445 1310 495 1366 tibi
517 1309 642 1368 faciam:
671 1320 715 1368 est
736 1310 814 1368 enim
835 1309 908 1368 haec
926 1328 1042 1387 quoque
1064 1308 1202 1367 studiosis-

203 1424 267 1466 non
294 1406 450 1466 iniucunda
476 1408 612 1484 cognitio.
666 1407 729 1466 ‘De
750 1408 921 1466 iaculatione
942 1407 1067 1484 equestri
1091 1425 1167 1466 unus
1180 1404 1198 1463 τ’
1209 1434 1223 1482 5

204 1507 292 1578 hunc,
315 1524 381 1564 cum
409 1505 571 1583 praefectus
600 1506 661 1564 alae
689 1506 830 1577 militaret,
851 1507 913 1582 pari
933 1507 1052 1583 ingen-io
1074 1523 1202 1582 curaque¹
1304 1525 1305 1582 3

205 1604 377 1680 conposuit!
421 1603 484 1662 ‘De
501 1605 559 1662 vita
579 1603 725 1680 Pomponi
748 1603 874 1663 Secundi
892 1605 968 1676 duo,’
989 1622 1083 1680 aquo
1101 1607 1201 1680 singu·

205 1703 300 1762 lariter
322 1712 433 1762 amatus
455 1703 512 1761 hoc
533 1703 690 1760 memoriae
718 1703 802 1762 amici
832 1703 913 1780 quasi
935 1701 1064 1762 debitum
1094 1721 1203 1761 munus
1304 1695 1305 1698 '

206 1801 335 1860 exsolvit.
378 1801 543 1860 ‘Bellorum
559 1799 734 1859 Germaniae
749 1800 866 1876 viginti,’
882 1801 986 1876 quibus
1006 1801 1106 1860 omnia
1126 1819 1202 1877 quae

206 1918 274 1959 cum
297 1899 451 1958 Germanis
471 1898 615 1974 gessimus
636 1899 711 1957 bella
732 1899 855 1974 collegit.
899 1898 1058 1970 Inchoavit‚
1079 1917 1145 1958 cum
1171 1901 1202 1958 in
1214 1923 1245 1957 10
1304 1941 1305 1982 3

207 1997 367 2058 Germania
388 1999 528 2068 militaret,
551 1998 666 2056 somnio
687 1998 834 2056 monitus:
862 1996 969 2056 adstitit
991 1998 1017 2055 ei
1042 1997 1203 2074 quiescenti
1304 1993 1305 2002 ¹

205 2095 296 2156 Drusi
324 2097 449 2156 Neronis
470 2096 587 2171 effigies
610 2096 659 2172 qui
688 2095 862 2154 Germaniae
889 2095 1025 2154 latissime
1046 2097 1137 2155 victor
1165 2099 1205 2156 ibi

207 2195 301 2272 periit,
323 2193 548 2252 commendabat
574 2193 745 2250 memoriam
774 2211 856 2252 suam
882 2193 1040 2269 orabatque
1061 2204 1093 2252 ut
1115 2212 1146 2252 se
1167 2196 1205 2253 ab

208 2289 312 2348 iniuria
325 2289 477 2349 oblivionis
495 2290 650 2348 adsereret.
693 2288 839 2349 ‘Studiosi
855 2289 931 2362 tres,'
946 2291 976 2348 in
992 2309 1042 2349 sex
1057 2291 1206 2349 volumina

209 2399 329 2466 propter
347 2388 567 2465 amplitudinem
583 2386 672 2457 divisi,
687 2389 792 2464 quibus
807 2398 951 2448 oratorem
971 2391 1008 2449 ab
1022 2390 1206 2450 incunabulis
1219 2413 1248 2462 15

205 2488 329 2554 instituit
357 2497 386 2547 et
413 2487 533 2565 perlicit.
574 2485 681 2545 ‘Dubii
710 2489 852 2546 sermonis
876 2499 945 2547 octo
959 2487 979 2546 τ’
1009 2489 1122 2566 scripsit
1151 2491 1207 2548 sub

208 2585 328 2649 Nerone
343 2586 507 2645 novissimis
527 2586 618 2657 annis,
635 2603 702 2644 cum
717 2603 805 2643 omne
824 2586 987 2644 studiorum
1005 2605 1099 2662 genus
1117 2588 1208 2664 paulo

207 2684 326 2746 tiberius
347 2694 376 2743 et
404 2685 526 2743 erectius
554 2684 750 2760 periculosum
776 2684 896 2742 servitus
918 2684 1040 2743 fecisset.
1084 2685 1127 2742 ‘A
1149 2685 1209 2743 fine

209 2783 307 2842 Aufidi
329 2782 413 2843 Bassi
433 2783 550 2859 triginta
570 2782 665 2841 unus'
707 2781 851 2840 ‘Naturae
880 2781 1063 2843 historiarum
1090 2785 1211 2860 triginta

209 2881 338 2958 septem,'
359 2899 434 2958 opus
455 2881 604 2952 diffusum,
623 2880 775 2952 eruditum,
793 2899 848 2939 nec
869 2882 966 2940 minus
988 2882 1096 2941 varium
1117 2901 1209 2960 quam
1223 2907 1255 2941 κο

207 2980 271 3055 ipsa
295 2989 407 3038 natura.
450 2979 566 3038 Miraris
587 2979 668 3055 quod
689 2988 731 3037 tot
752 2971 900 3037 volumina
928 2980 1076 3057 multaque
1104 2981 1135 3040 in
1163 2983 1210 3041 his
1304 2991 1305 3002 ¹

207 3087 267 3136 tam
282 3080 452 3155 scrupulosa
469 3079 559 3140 homo
575 3087 733 3153 occupatus
747 3078 919 3139 absolverit:
940 3080 1035 3156 magis
1052 3081 1210 3153 miraberis,
1304 3109 1305 3114 ¹

204 3176 229 3237 si
251 3177 350 3236 scieris
371 3177 452 3235 illum
475 3174 641 3252 aliquandiu
662 3193 765 3236 causas
786 3176 929 3249 actitasse,
947 3178 1108 3238 decessisse
1129 3199 1212 3239 anno

203 3284 288 3333 sexto
310 3284 339 3333 et
360 3275 634 3351 quinquagensimo
648 3273 779 3332 medium
800 3285 916 3351 tempus
937 3276 1095 3336 distentum
1116 3277 1214 3354 impe-

208 3371 358 3450 ditumque
394 3390 452 3449 qua
487 3372 589 3431 officiis
623 3372 757 3430 maximis
792 3391 851 3449 qua
887 3374 1012 3432 amicitia
1046 3375 1213 3451 principum
1228 3397 1260 3446 ²5

208 3473 315 3544 egisse.
352 3469 410 3528 Sed
430 3480 490 3528 erat
510 3489 575 3529 acre
589 3471 748 3546 ingenium,
763 3470 929 3531 incredibile
943 3472 1082 3534 studium.
1096 3491 1216 3533 summa

209 3568 365 3644 vigilantia.
408 3568 575 3629 Lucubrare
600 3569 807 3628 Vulcanalibus
836 3570 1000 3648 incipiebat,
1026 3589 1087 3632 non
1116 3575 1217 3650 auspi·
1304 3571 1305 3652 ]
