2636 3980
185 200 344 250 LETTERS
367 203 410 252 ΟΡ
432 204 460 253 0.
473 202 620 253 PLINIUS
644 202 830 254 CAECILIUS
850 201 1042 256 SECUNDUS.
1089 207 1127 260 21

461 419 510 478 1⁷.
552 410 681 491 (Boou
704 431 729 470 2.
753 409 793 492 ⁶.)

163 539 235 605 Pliny
258 542 369 593 cautious
389 543 479 593 Avitus
502 525 599 608 against
621 543 663 592 the
685 557 758 592 mean
780 558 908 608 economy,
923 545 1006 598 which
1028 546 1060 596 he
1079 547 1131 596 had

130 622 267 681 witnessed,
284 625 314 673 of
327 625 429 690 making
446 625 602 674 distinctions
618 625 728 674 between
742 633 826 688 guests
842 627 871 674 of
883 627 925 679 the
939 643 1006 680 same
1020 629 1087 682 table
1104 631 1130 686 in

130 704 171 754 the
183 706 279 770 quality
290 707 319 756 of
326 707 369 757 the
380 709 568 758 entertaiument
579 707 699 778 provided
709 706 748 755 sor
759 707 833 758 them.
1118 709 1120 715 '

434 845 458 889 C.
480 844 592 890 PLINIUS
614 844 702 886 AVITO
723 843 776 886 SUO
798 845 819 885 S.

169 955 306 1034 Longum
328 967 372 1022 est
392 959 475 1018 altius
496 967 634 1036 repetere,
655 976 710 1016 nec
732 958 817 1019 refert
838 979 927 1036 quem
948 962 986 1024 ad
1005 953 1129 1022 modum

129 1056 271 1114 accideret
284 1067 315 1117 ut
328 1056 419 1119 homo
433 1057 553 1120 minime
567 1055 712 1114 familiaris
727 1075 862 1119 cenarem
876 1058 956 1135 apud
971 1060 1127 1144 quendam,

128 1166 159 1213 ut
183 1155 238 1213 sibi
259 1154 417 1229 videbatur,
440 1157 600 1219 lautum.et
626 1155 801 1236 diligentem,
822 1167 855 1215 ut
875 1159 955 1230 mihi,
978 1160 1129 1222 sordidum

128 1253 212 1313 simul
227 1263 254 1313 et
269 1265 481 1336 sumptuosum.
524 1254 602 1314 Nam
623 1255 677 1314 sibi
691 1266 720 1314 et
734 1257 834 1332 paucis
854 1258 953 1333 opima
974 1261 1128 1340 quaedam,

99 1353 229 1416 secteris
256 1355 322 1412 vilia
353 1364 382 1412 et
411 1355 522 1418 minuta
553 1354 691 1431 ponebat.
742 1353 852 1412 Vinum
882 1356 969 1414 etiam
989 1358 1129 1435 'parvulis

127 1451 285 1527 lagunculis
306 1453 336 1513 in
358 1455 410 1518 tria
430 1471 538 1528 genera
558 1452 749 1532 discripserat,
772 1471 833 1518 non
855 1464 887 1514 ut
907 1464 1036 1538 potestas
1057 1457 1127 1534 elig-

126 1549 203 1622 endi,
225 1549 277 1608 sed
298 1569 335 1610 ne
357 1552 402 1610 ius
423 1560 500 1614 esset
520 1551 680 1621 recusandi,
703 1549 781 1615 aliud
806 1553 860 1611 sibi
884 1562 912 1610 et
933 1554 1027 1625 nobis
1049 1555 1127 1620 aliud

126 1649 286 1708 minoribus
307 1651 406 1709 amicis
428 1649 510 1730 (nam
535 1649 677 1726 gradatim
702 1650 812 1709 amicos
837 1649 947 1736 habet),
968 1653 1047 1712 aliud
1067 1654 1127 1716 suis

126 1749 288 1824 nostrisque
303 1749 418 1811 libertis.
461 1746 672 1812 Animadvertit
687 1748 735 1825 qui
755 1748 826 1811 mihi
844 1751 996 1830 proximus
1012 1770 1127 1810 recum-

82 1870 113 1906 1o
126 1847 214 1905 bebat
235 1858 264 1906 et
289 1866 327 1906 an
351 1849 505 1925 probarem
529 1847 720 1928 interrogavit.
750 1891 752 1895 >
772 1846 892 1930 Negavi.
943 1847 1009 1911 ‘Tu
1034 1852 1124 1926 ergo’

125 1945 218 2022 inquit
239 1949 347 2022 ‘quam
369 1945 609 2004 consuetudinem
631 1944 791 2027 sequeris'?
836 1945 965 2010 ‘Eadem
986 1948 1124 2013 omnibus

124 2061 224 2121 pono:
253 2042 290 2102 ad
315 2061 419 2102 cenam
447 2043 534 2116 enim,
560 2059 622 2104 non
650 2042 687 2106 ad
710 2054 810 2106 notam
835 2044 923 2102 invito
953 2033 1123 2128 cunctisque¹

124 2142 211 2200 rebus
236 2161 376 2224 exaequo,
400 2160 475 2219 quos
497 2159 600 2200 mensa
624 2151 652 2205 et
676 2151 742 2204 toro
770 2145 891 2221 aequavi
899 2143 916 2204 '.
971 2145 1123 2212 ‘Etiamne

124 2239 272 2300 libertos'?
295 2240 423 2300 ‘Etiam:
439 2242 618 2303 convictores
634 2241 712 2302 enim
726 2251 804 2314 tunc,
820 2260 881 2301 non
894 2243 1012 2302 libertos
1026 2244 1121 2320 puto'.

78 2366 108 2417 15
122 2337 162 2398 Et
175 2340 221 2398 ille
236 2345 362 2416 ‘magno
377 2341 427 2399 tibi
442 2349 557 2399 constat
565 2339 581 2398 ’.
618 2339 757 2402 ‘Minime
767 2342 783 2401 '.
820 2342 896 2421 ‘Qui
911 2343 971 2402 fieri
985 2352 1083 2419 potest
1092 2340 1122 2406 ’i

123 2438 220 2512 ‘Quia
241 2440 348 2498 scilicet
368 2439 460 2499 liberti
484 2439 541 2500 mei
565 2457 625 2498 non
647 2439 724 2498 idem
750 2441 830 2524 quod
854 2460 910 2517 ego
935 2441 1046 2512 bibunt,
1069 2441 1121 2504 sed

121 2537 199 2597 idem
221 2557 277 2616 ego
300 2540 381 2617 quod
400 2538 512 2598 liberti.'
553 2539 592 2604 Et
610 2539 726 2603 hercule
743 2541 767 2598 si
786 2539 871 2616 gulae
891 2550 1043 2617 temperes,
1059 2557 1121 2604 non

121 2646 166 2697 est
190 2656 348 2698 onerosum
371 2655 431 2718 quo
454 2638 542 2701 utaris
565 2640 627 2722 ipse
651 2641 865 2704 communicare
891 2657 958 2697 cum
982 2638 1119 2715 pluribus.

120 2733 176 2796 Illa
194 2757 264 2815 ergo
278 2739 469 2816 reprimenda,
484 2741 532 2804 illa
551 2739 633 2822 quasi
653 2738 682 2795 in
697 2737 830 2802 ordinem
849 2736 1007 2813 redigenda
1028 2748 1079 2811 est,
1095 2735 1120 2802 si

74 2863 106 2897 ro
120 2838 284 2913 sumptibus
306 2857 416 2915 parcas,
439 2842 546 2922 quibus
570 2839 718 2915 aliquanto
742 2838 846 2900 rectius
868 2849 916 2897 tua
941 2839 1120 2904 continentia

118 2954 210 3013 quarn
230 2938 323 2998 aliena
343 2941 517 3004 contumelia
534 2938 677 3006 consulas.
720 2937 854 3018 Quorsus
874 2937 967 2996 haec?
997 2935 1117 3012 Netini,
1173 3007 1174 3014 ἵ

118 3035 249 3112 optimae
270 3036 374 3097 indolis
395 3039 497 3112 iuveni,
513 3035 697 3115 quorundam
718 3036 748 3093 in
768 3054 870 3100 mensa
890 3034 1000 3093 luxuria
1021 3035 1118 3112 specie

117 3132 291 3211 frugalitatis
318 3137 458 3214 imponat.
513 3135 658 3196 Convenit
685 3144 782 3193 autem
807 3135 899 3199 amori
927 3135 957 3192 in
985 3145 1013 3192 te
1040 3151 1117 3205 mec,

116 3232 256 3310 quotiens
283 3234 339 3293 tale
367 3235 475 3313 aliquid
503 3233 641 3306 inciderit,
671 3233 726 3292 sub
754 3233 889 3308 exemplo
918 3248 1116 3309 praemonere,

71 3355 100 3406 ²⁵
115 3330 189 3408 quid
220 3331 328 3393 debeas
358 3334 466 3410 fugere.
521 3333 612 3409 Igitur
643 3343 792 3391 memento
822 3330 892 3391 nihil
924 3331 1017 3406 magis
1052 3347 1117 3396 esse

114 3430 275 3505 vitandum,
301 3452 389 3510 quam
414 3435 496 3493 istam
522 3432 650 3492 luxuriae
679 3441 707 3490 et
735 3430 864 3490 sordium
889 3448 996 3490 novam
1025 3429 1117 3488 socie*

106 3534 207 3590 'tatem
218 3551 227 3605 3
263 3553 338 3610 quae
370 3552 436 3593 cum
469 3535 525 3593 sint
557 3531 722 3610 turpissima
754 3530 876 3590 discreta
908 3548 943 3589 ac
975 3540 1116 3605 separata,

110 3632 226 3708 turpius
247 3633 412 3710 iunguntur.
454 3633 536 3693 Vale.
