2636 3980
13 3511 17 3566 l

188 169 346 219 LETTERS
370 172 414 219 OF
437 173 465 221 Ο.
485 172 628 220 PLINIUS
651 171 836 220 CAECILIUS
857 168 1047 218 SECUNDUS.
1088 163 1129 234 57

98 347 199 388 roesse
217 331 441 391 restituendum
469 333 687 392 Viennensibus
715 351 832 409 agona:
876 331 980 390 adiecit
1015 327 1135 386 ‘vellem

135 429 221 486 etiam
244 431 358 490 Romae
380 432 440 491 tolli
460 431 581 510 posset?
634 432 820 514 Constanter,
841 431 945 506 inquis,
968 438 996 487 et
1017 427 1135 486 sortiter.

136 525 268 597 Quidni?
311 529 369 589 Sed
383 531 441 590 hoc
461 531 629 590 aMaurico
651 549 759 589 novum
782 539 914 589 nonest.
958 528 1042 586 Idem
1057 523 1135 600 apud

134 627 339 703 imperatorem
363 629 491 688 Nervam
515 649 577 689 non
601 631 698 689 minus
723 629 841 688 sortiter.
884 627 1016 687 Cenabat
1037 623 1157 681 Nerva

135 742 202 782 cum
216 727 332 801 paucis:
355 727 481 788 Veiento
495 731 647 805 proximus
667 739 755 806 atque
776 729 863 786 etiam
884 728 914 785 in
934 727 999 784 sinu
1021 741 1134 781 recum-

96 824 237 886 15bebat:
262 825 320 883 dixi
339 827 447 899 omnia,
463 846 530 885 cum
549 829 699 886 hominem
719 827 875 886 nominavi.
918 824 1023 883 Incidit
1037 838 1134 880 sermo

135 921 171 980 de
194 922 308 983 Catullo
329 924 497 997 Messalina
519 927 569 1003 qui
590 926 747 1006 luminibus
767 927 885 984 orbatus
906 923 1024 1000 ingenio
1046 937 1134 980 saevo

134 1021 210 1079 mala
225 1024 370 1082 caecitatis
391 1024 560 1083 addiderat:
592 1042 654 1083 non
674 1025 832 1093 verebatur,
855 1040 917 1080 non
935 1021 1135 1080 erubescebat,

134 1137 195 1178 non
217 1122 421 1195 miserebatur3
454 1141 514 1200 quo
542 1123 657 1199 saepius
679 1142 696 1181 a
718 1122 887 1180 Domitiano
911 1139 973 1179 non
994 1137 1078 1178 secus
1100 1137 1134 1176 ac

135 1220 199 1290 tela,
221 1238 296 1296 quae
317 1231 345 1279 et
366 1223 429 1297 ipsa
451 1241 538 1281 caeca
559 1232 587 1282 et
611 1221 763 1299 inprovida
782 1221 920 1291 feruntur,
939 1220 970 1276 in
991 1219 1134 1294 optimum

97 1343 126 1376 20
135 1337 280 1396 quemque
295 1323 547 1396 contorquebatur.
583 1322 628 1380 De
642 1321 727 1380 huius
743 1320 870 1398 nequitia
885 1318 1134 1395 sanguinariisque

135 1419 284 1477 sententiis
298 1420 328 1476 in
342 1437 499 1478 commune
513 1439 618 1480 omnes
633 1439 719 1497 super
733 1437 836 1480 cenam
851 1419 1053 1495 loquebantur,
1065 1434 1133 1475 cum

134 1518 197 1592 ipse
221 1518 379 1593 imperator
403 1519 492 1595 ‘quid
513 1529 649 1596 putamus
670 1538 824 1596 passurum
839 1518 976 1588 suisse,si
996 1512 1135 1574 vivereti'

136 1624 164 1672 et
178 1614 326 1674 Mauricus
342 1618 513 1678 ‘nobiscum
528 1618 660 1678 cenaret!
693 1618 826 1694 Longius
840 1618 906 1690 abii,
918 1617 1012 1675 libens
1026 1626 1132 1673 tamen.

136 1713 246 1773 Placuit
274 1733 370 1790 agona
396 1717 466 1788 tolli,
495 1718 544 1794 qui
572 1737 669 1776 mores
693 1717 906 1776 Viennensium
933 1715 1078 1785 infecerat,
1104 1722 1135 1770 ut

97 1828 126 1877 25
137 1822 235 1873 noster
261 1814 308 1872 hic
338 1816 479 1876 omnium.
521 1816 600 1874 Nam
623 1816 836 1874 Viennensium
861 1816 930 1873 vitia
954 1815 1027 1871 intra
1054 1813 1135 1888 ipsos

136 1913 273 1985 residunt,
298 1925 396 1973 nostra
421 1915 478 1974 late
502 1927 651 1991 vagantur,
676 1926 766 1990 utque
792 1916 823 1973 in
848 1914 1018 1991 corporibus
1041 1911 1135 1969 sicin

135 2012 258 2089 imperio
285 2014 472 2088 gravissimus
501 2024 545 2074 est
573 2016 693 2073 morbus
719 2014 769 2090 qui
792 2031 810 2071 a
838 2014 933 2091 capite
957 2010 1133 2070 diffunditur.

135 2111 218 2170 Vale.

353 2401 357 2409 .
452 2326 503 2379 43.
548 2319 676 2400 (BOOK
698 2341 724 2393 4.
749 2317 810 2398 25.)

160 2448 252 2514 Pliny's
269 2451 331 2500 fears
347 2452 426 2501 about
443 2453 484 2501 the
502 2468 544 2501 use
561 2452 590 2501 os
604 2453 645 2502 the
662 2453 744 2503 ballot
761 2453 786 2502 in
804 2454 846 2502 the
863 2452 952 2502 Senate
968 2452 1031 2500 have
1048 2452 1110 2499 been

222 2533 331 2596 justified
343 2535 377 2599 by
388 2536 430 2584 the
442 2535 530 2599 vulgar
541 2536 603 2600 solly
614 2537 676 2585 with
688 2536 770 2585 which
782 2537 801 2584 it
813 2536 932 2584 hasbeen
944 2535 1046 2583 abused.

366 2675 391 2715 C.
414 2675 526 2716 PLINIUS
547 2675 647 2717 MESSIO
670 2675 786 2716 MAXIMO
807 2674 861 2714 SUO
883 2673 905 2714 S.

177 2785 356 2863 Scripseram
370 2787 422 2846 tibi
434 2788 591 2846 verendum
602 2805 666 2847 esse
677 2806 715 2846 ne
730 2807 766 2846 ex
775 2788 868 2846 tacitis
882 2787 1024 2863 suffragiis
1033 2786 1133 2844 vitium

134 2886 254 2962 aliquod
279 2889 421 2946 existeret.
464 2887 586 2946 Factum
609 2897 661 2947 est.
703 2888 848 2946 Proximis
872 2887 996 2946 comitiis
1018 2888 1047 2944 in
1070 2885 1134 2963 qui·

134 2985 260 3045 busdam
281 2986 503 3046 tabellis'multa
523 2987 660 3046 iocularia
681 2997 767 3064 atque
788 2987 875 3046 etiam
894 2987 980 3046 foeda
1001 2986 1088 3056 dictu,
1103 2987 1133 3044 in

134 3103 194 3144 una
208 3103 276 3143 vero
291 3102 345 3162 pro
359 3085 578 3145 candidatorum
593 3087 761 3146 nominibus
775 3086 998 3163 suffragatorum
1013 3084 1134 3143 nomina

110 3183 251 3246 5inventa
266 3193 342 3243 sunt.
385 3183 549 3244 Excanduit
570 3196 687 3245 senatus
709 3205 877 3263 magnoque
896 3185 1023 3244 clamore
1043 3185 1070 3241 ei
1084 3181 1133 3258 qui

135 3283 298 3359 scripsisset
320 3284 424 3343 iratum
446 3285 608 3361 principem
631 3295 676 3344 est
701 3295 910 3362 comprecatus.
961 3283 1013 3342 Ille
1035 3291 1133 3340 tamen

134 3382 234 3442 fefellit
252 3393 281 3441 et
299 3383 391 3454 latuit,
405 3383 528 3443 fortasse
547 3385 633 3444 etiam
654 3385 729 3442 inter
749 3385 935 3460 indignantes
949 3383 1008 3441 suit
1053 3380 1133 3452 Quid

134 3482 215 3540 hunc
249 3492 385 3558 putamus
413 3482 493 3541 domi
530 3483 632 3554 iacere,
662 3482 710 3559 qui
743 3483 774 3540 in
802 3491 883 3541 tanta
909 3500 940 3539 re
968 3491 1028 3538 tam
1056 3480 1133 3540 serio

133 3591 267 3659 tempore
282 3592 342 3641 tam
357 3581 509 3641 scurriliter
523 3582 609 3653 ludat,
626 3583 675 3659 qui
690 3581 815 3658 denique
834 3580 958 3640 omnino
979 3580 1010 3638 in
1030 3590 1132 3639 senatu
