2636 3980
209 188 368 236 LETTERS
391 189 435 236 oF
453 190 482 240 C.
498 190 646 238 PLINIUS
668 189 859 240 CAECILIUS·
877 189 1071 238 SECUNDUS.
1119 195 1139 259 9

139 347 244 418 videar,
264 366 388 424 quorum
408 349 622 408 recitationibus
643 349 730 420 adfixi,
752 367 814 408 non
836 348 946 408 auditor
967 349 1064 426 luisse,
1087 347 1140 406 sed

99 462 127 512 ²5
141 448 272 506 creditor.
316 447 396 506 Nam
420 457 451 507 ut
475 449 506 506 in
530 449 633 508 ceteris
658 449 743 508 rebus
767 449 807 508 ita
831 449 862 506 in
882 449 1019 508 audiendi
1042 447 1138 508 officio

140 548 213 625 perit
227 549 327 624 gratia,
343 549 367 609 si
381 558 557 626 reposcatur.
600 547 682 608 Vale.

473 791 504 844 9.
547 781 676 862 (BOOK
700 801 724 840 1.
749 778 809 860 14.)

171 929 244 994 Pliny
255 930 348 996 having
360 933 422 982 been
438 932 515 982 asked
526 933 559 996 by
571 931 698 981 Mauricus
712 937 738 980 to
753 929 815 979 look
830 935 874 978 out
889 929 927 979 sor
940 946 955 978 a
970 929 1085 980 husband
1100 929 1139 978 lor

139 1012 178 1061 his
192 1013 266 1071 niece,
278 1015 320 1064 the
333 1016 428 1079 orphan
443 1015 566 1079 daughter
578 1015 606 1063 ol
617 1015 740 1073 Rusticus,
756 1030 802 1063 can
818 1013 967 1077 confidently
981 1003 1139 1063 recomrhend

140 1094 256 1144 Minicius
269 1097 396 1146 Acilianus
411 1113 443 1146 on
459 1096 501 1146 the
516 1097 612 1160 grorurd
628 1097 657 1145 of
669 1096 707 1145 his
723 1096 860 1154 education,
873 1095 912 1145 his
924 1097 1088 1153 connections,
1099 1095 1138 1143 his

138 1179 253 1241 personal
264 1195 423 1244 appearance,
433 1179 483 1229 and
494 1180 533 1229 his
545 1180 742 1230 circumstances.

373 1329 396 1370 C.
420 1328 532 1369 PLINIUS
553 1328 635 1368 IUNIO
656 1328 786 1369 MAURICO
807 1325 861 1369 SUO
882 1329 904 1369 S.

180 1437 256 1498 Petis
269 1448 301 1496 ut
315 1439 408 1499 fratris
421 1440 461 1498 tui
481 1440 555 1499 filiae
572 1440 749 1517 prospiciam
763 1441 915 1513 maritum;
938 1440 1019 1516 quod
1032 1439 1136 1498 merito

138 1537 209 1596 mihi
222 1539 406 1614 potissimum
420 1539 554 1616 iniungis.
591 1539 654 1597 Scis
669 1539 747 1596 enim
761 1552 870 1614 quanto
885 1557 973 1615 opere
989 1556 1136 1596 summum

137 1637 217 1695 illum
235 1639 327 1696 virum
349 1639 526 1714 suspexerim
547 1637 762 1714 dilexerimque,
780 1639 885 1714 quibus
904 1638 951 1698 ille
968 1638 1137 1696 adulescen-

138 1736 208 1804 tiam
232 1753 329 1796 meam
353 1737 602 1796 exhortationibus
626 1736 735 1807 foverit,
761 1738 866 1812 quibus
891 1737 977 1797 etiam
1004 1736 1137 1795 laudibus

110 1853 124 1902 5
139 1844 170 1894 ut
188 1835 349 1896 laudandus
363 1835 474 1895 viderer
487 1837 621 1894 effecerit.
664 1835 743 1894 Nihil
762 1844 806 1894 est
825 1835 906 1911 quod
923 1853 940 1892 a
957 1844 984 1893 te
1003 1834 1136 1892 mandari

138 1932 208 1993 mihi
235 1943 284 1992 aut
314 1935 406 1994 maius
434 1945 483 1993 aut
514 1936 630 2012 gratius
660 1934 729 1992 nihil
758 1935 837 2010 quod
865 1933 1014 1992 honestius
1042 1951 1060 1994 a
1087 1950 1149 1990 me.

138 2033 246 2108 suscipi
276 2035 374 2110 possit,
404 2052 493 2110 quam
520 2042 552 2092 ut
585 2033 690 2109 eligam
722 2033 864 2104 iuvenem,
893 2051 929 2090 ex
962 2048 1022 2108 quo
1054 2031 1135 2089 nasci

137 2143 259 2210 nepotes
283 2133 413 2192 Aruleno
439 2132 561 2192 Rustico
587 2133 695 2192 deceat.
738 2131 796 2206 Qui
824 2131 943 2208 quidem
971 2130 1020 2188 diu
1048 2147 1135 2206 quae-

137 2231 244 2290 rendus
263 2231 371 2302 fuisset,
391 2233 446 2294 nisi
465 2242 581 2308 paratus
601 2242 628 2290 et
648 2233 730 2308 quasi
749 2232 880 2308 provisus
900 2240 977 2290 esset
998 2230 1134 2290 Minicius

93 2353 124 2388 ιο
137 2328 291 2403 Acilianus,
322 2331 371 2408 qui
401 2349 449 2388 me
477 2341 509 2389 ut
540 2331 651 2389 iuvenis
682 2330 816 2388 iuvenem
844 2327 900 2408 (est
932 2330 1009 2390 enim
1039 2330 1135 2387 minor

137 2429 265 2503 pauculis
293 2427 388 2509 annis)
417 2430 636 2490 familiarissime
664 2430 764 2506 diligit,
792 2439 936 2489 reveretur
963 2439 994 2486 ut
1023 2446 1132 2488 senem.

136 2524 215 2584 Nam
243 2528 282 2586 ita
309 2528 426 2586 formari
451 2548 469 2589 a
492 2548 540 2588 me
565 2538 594 2588 et
621 2529 729 2587 institui
757 2529 842 2604 cupit,
870 2538 902 2586 ut
927 2546 984 2603 ego
1009 2547 1027 2586 a
1050 2528 1134 2585 vobis

136 2624 277 2686 solebam.
319 2627 413 2686 Patria
437 2639 481 2686 est
505 2629 532 2687 ei
556 2627 653 2686 Brixia
680 2646 716 2686 ex
744 2627 791 2686 illa
818 2638 919 2687 nostra
943 2626 1033 2699 ltalia,
1060 2644 1134 2703 quae

134 2723 258 2782 multum
282 2725 377 2784 adhuc
398 2727 595 2798 verecundiae,
617 2727 785 2802 frugalitatis
806 2737 893 2806 atque
915 2727 1001 2786 etiam
1023 2725 1134 2786 rustici-

90 2844 120 2895 15
135 2825 201 2884 tatis
227 2826 362 2902 antiquae
387 2827 489 2884 retinet
513 2845 547 2886 ac
569 2836 668 2886 servat.
710 2825 795 2884 Pater
816 2826 952 2884 Minicius
974 2825 1133 2895 Macrinus,

135 2925 276 3000 equestris
297 2924 407 2984 ordinis
428 2925 570 3000 princeps,
592 2925 660 3001 quia
680 2924 750 2982 nihil
772 2924 853 2982 altius
874 2923 978 2982 voluit:
1004 2924 1133 2982 adlectus

134 3023 214 3080 enim
234 3041 252 3080 a
270 3023 336 3081 divo
351 3022 533 3099 Vespasiano
554 3024 628 3081 inter
649 3023 810 3099 praetorios
831 3021 986 3082 honestam
1007 3024 1133 3098 quietem

132 3121 201 3181 huic
230 3133 344 3181 nostrae
373 3123 522 3181 ambitioni
551 3123 646 3182 dicam
672 3141 712 3182 an
741 3122 872 3198 dignitati
899 3123 1133 3182 constantissime

133 3221 286 3300 praetulit.
320 3220 419 3278 Habet
447 3221 542 3280 aviam
569 3230 732 3280 maternam
757 3220 910 3280 Serranam
938 3221 1091 3280 Proculam
1116 3239 1133 3280 e

88 3340 120 3376 ao
133 3319 293 3394 municipio
324 3318 472 3378 Patavino.
515 3318 602 3378 Nosti
633 3320 691 3390 loci
724 3337 837 3380 mores:
880 3319 1003 3378 Serrana
1034 3329 1133 3379 tamen

132 3415 279 3477 Patavinis
307 3435 424 3494 quoque
453 3419 609 3477 severitatis
637 3420 803 3496 exemplum
832 3431 883 3480 est.
940 3419 1070 3495 Contigit
1105 3429 1134 3478 et

132 3516 292 3578 avunculus
324 3515 350 3573 ei
381 3516 413 3575 P.
440 3517 559 3588 Acilius,
591 3518 730 3593 gravitate
764 3519 916 3596 prudentia
949 3519 1006 3578 fide
1039 3535 1133 3595 prope

132 3614 279 3692 singulari.
323 3613 359 3674 In
385 3633 498 3676 summa
525 3617 595 3674 nihil
620 3618 672 3676 erit
698 3618 729 3676 in
758 3619 849 3678 domo
873 3628 941 3690 tota,
967 3619 1047 3699 quod
1071 3635 1134 3678 non
