2626 3976
207 230 268 279 102
477 222 500 273 A
525 221 722 271 SELECTION
740 219 844 268 FROM
866 217 934 267 THE

205 385 267 444 dies
295 383 388 442 visum
415 381 586 458 languidum
613 389 642 438 et
669 387 823 450 maestum,
851 395 922 436 mox
950 376 1068 435 redditis
1097 374 1205 433 viribus

203 484 329 560 priorem
340 481 486 541 lasciviam
500 489 530 538 et
543 479 627 538 solita
640 479 800 537 ministeria
816 477 964 553 repetisse.
1006 473 1206 534 Confluebant

204 599 309 640 omnes
338 580 376 639 ad
404 579 601 655 spectaculum
633 577 825 653 magistratus,
854 592 979 652 quorum
1014 574 1140 632 adventu
1175 580 1205 629 et
1217 579 1245 629 45

203 698 286 738 mora
320 678 437 737 modica
471 695 517 735 res
551 675 668 753 publica
702 676 785 733 novis
820 675 984 750 sumptibus
1020 671 1204 731 atterebatur.

203 779 357 837 Postremo
384 776 466 835 locus
490 775 554 851 ipse
578 775 705 850 quietem
727 791 810 832 suam
829 781 1032 847 secretumque
1055 769 1203 847 perdebat.

203 875 315 934 Placuit
339 874 452 934 occulte
476 872 596 933 interfici
619 873 656 931 ad
681 873 762 948 quod
789 872 927 930 coibatur.
978 869 1063 928 Haec
1088 877 1121 926 tu
1146 885 1204 943 qua

202 975 397 1046 miseratione,
411 991 469 1050 qua
484 974 568 1050 copia
586 971 715 1043 deflebis,
730 970 857 1042 ornabis,
872 967 1001 1028 attolles!
1023 984 1204 1043 quamquam

202 1089 264 1129 non
286 1082 328 1131 est
350 1090 425 1148 opus
446 1071 578 1146 adtingas
599 1069 707 1146 aliquid
728 1078 776 1128 aut
797 1068 949 1127 adstruas:
982 1065 1085 1125 sufficit
1106 1083 1146 1123 ne
1169 1082 1204 1123 ea
1218 1077 1247 1128 5⁰

204 1189 277 1248 quae
293 1181 360 1230 sunt
373 1189 440 1230 vera
454 1170 628 1228 minuantur.
670 1167 752 1226 Vale.

528 1418 578 1471 82.
621 1409 750 1491 (BOOK
771 1430 799 1485 9.
822 1409 883 1489 36.)

389 1570 457 1620 How
469 1568 541 1632 Pliny
550 1569 641 1633 spends
651 1568 689 1616 his
700 1568 749 1631 day
760 1569 785 1617 in
796 1568 836 1617 his
846 1568 944 1618 Tuscan
954 1567 1021 1616 villa.

507 1731 531 1772 C.
554 1731 666 1771 PLINIUS
687 1730 775 1772 Fusco
795 1729 850 1771 SUO
870 1730 892 1770 S.

242 1869 365 1942 Quaeris
381 1889 469 1948 quem
483 1870 521 1931 ad
534 1871 656 1929 modum
667 1870 698 1927 in
712 1869 819 1928 Tuscis
830 1869 908 1928 diem
918 1878 1024 1928 aestate
1036 1868 1202 1944 disponam.

202 1967 316 2047 Evigilo
338 1990 406 2030 cum
427 1970 516 2043 libuit,
537 1971 707 2047 plerumque
732 1969 808 2028 circa
832 1969 934 2027 horam
957 1968 1091 2045 primam,
1113 1987 1201 2044 saepe

202 2080 278 2140 ante,
302 2071 411 2128 tardius
435 2087 522 2142 rar03
552 2070 666 2128 clausae
691 2068 834 2126 fenestrae
855 2078 982 2126 manent.
1025 2066 1100 2125 Mire
1123 2069 1203 2126 enim

202 2167 315 2225 silentio
331 2177 360 2225 et
373 2168 498 2226 tenebris
513 2168 551 2225 ab
569 2169 604 2225 iis
624 2185 700 2243 quae
721 2175 845 2225 avocant
865 2166 1008 2225 abductus
1029 2175 1059 2224 et
1079 2165 1152 2224 liber
1172 2178 1203 2226 et

201 2263 271 2320 mihi
285 2265 399 2323 relictus
419 2284 480 2324 non
499 2267 601 2324 oculos
622 2266 730 2336 anim0,
745 2265 798 2324 sed
818 2265 948 2324 animum
970 2264 1061 2323 oculis
1084 2282 1229 2341 sequor,5

201 2361 250 2438 qui
279 2362 383 2420 eadem
411 2382 486 2439 quae
513 2382 597 2422 mens
625 2363 731 2436 vident,
761 2365 894 2441 quotiens
922 2382 984 2422 non
1011 2363 1110 2422 vident
1137 2364 1201 2422 alia.

201 2459 318 2536 Cogit0,
334 2461 429 2537 siquid
444 2462 474 2519 in
488 2463 631 2533 manibus
646 2463 744 2538 cogito
759 2462 798 2521 ad
811 2463 931 2521 verbum
951 2462 1087 2520 scribenti
1101 2479 1202 2520 emen·
1293 2487 1294 2511 ι

201 2558 339 2637 dantique
362 2561 470 2632 similis
492 2580 571 2620 nunc
593 2561 731 2636 pauciora
753 2579 832 2619 nunc
856 2561 946 2636 plura,
967 2568 1000 2619 ut
1019 2561 1065 2618 vel
1086 2560 1202 2618 difficile

199 2658 244 2716 vel
258 2658 342 2717 facile
358 2661 499 2735 componi
514 2661 639 2718 tenerive
650 2670 814 2736 potuerunt.
858 2660 1012 2718 Notarium
1023 2677 1097 2719 voco
1108 2668 1139 2717 et
1153 2660 1202 2718 die

200 2755 329 2815 admisso
351 2775 425 2833 quae
447 2757 637 2817 formaveram
660 2758 757 2818 dicto:
790 2758 849 2817 abit
870 2776 1027 2834 rursusque
1049 2767 1202 2816 revocatur
1216 2779 1243 2812 ro

199 2871 355 2930 rursusque
381 2856 541 2916 dimittitur.
593 2856 652 2914 Ubi
677 2856 749 2916 hora
773 2866 875 2934 quarta
897 2856 941 2915 vel
965 2857 1066 2934 quinta
1090 2853 1201 2934 (neque

199 2952 279 3009 enim
294 2962 403 3011 certum
418 2955 641 3031 dimensumque
655 2951 793 3033 tempus),
808 2965 840 3012 ut
854 2955 915 3014 dies
927 2955 1025 3027 suasit,
1036 2955 1067 3013 in
1082 2966 1200 3033 xystum
1291 2969 1292 3002 ὲ

200 3071 249 3110 me
278 3053 323 3110 vel
347 3055 592 3131 cryptoporticum
618 3053 746 3126 confero,
769 3056 880 3133 reliqua
903 3055 1028 3124 meditor
1053 3065 1082 3114 et
1110 3057 1199 3116 dicto.

198 3150 375 3210 Vehiculum
397 3152 542 3211 ascendo:
574 3151 613 3210 ibi
635 3170 753 3230 quoque
773 3153 851 3212 idem
872 3153 954 3230 quod
974 3153 1128 3213 ambulans
1149 3166 1201 3215 aut

198 3251 316 3308 iacens:
358 3249 441 3307 durat
469 3251 590 3309 intentio
618 3252 778 3310 mutatione
811 3252 875 3328 ipsa
905 3251 1019 3311 refecta
1075 3252 1200 3312 Paulum
1215 3274 1245 3324 ¹⁵

199 3348 355 3419 redormio,
375 3347 443 3405 dein
464 3348 591 3420 ambulo,
611 3367 682 3407 mox
704 3350 867 3408 orationem
888 3369 1023 3426 graecam
1043 3350 1200 3412 latinamve
1289 3377 1290 3382 ¹

200 3444 274 3503 clare
295 3455 324 3503 et
344 3445 454 3504 intente
474 3463 536 3503 non
556 3455 616 3504 tam
630 3448 709 3506 vocis
732 3465 819 3506 causa
840 3466 929 3523 quam
948 3450 1090 3508 stomachi
1111 3451 1199 3527 lego;

199 3543 303 3617 pariter
330 3553 430 3602 tamen
460 3551 489 3600 et
521 3543 567 3601 illa
601 3545 737 3603 firmatur.
793 3545 903 3603 Iterum
937 3549 1064 3620 ambulo,
1092 3567 1199 3626 ungor,

200 3655 343 3715 exerceor,
366 3642 455 3702 lavor.
498 3640 621 3701 Cenanti
648 3643 728 3716 mihi,
753 3643 777 3702 si
805 3663 872 3703 cum
899 3665 990 3706 uxore
1015 3648 1057 3707 vel
1086 3650 1198 3724 paucis,
