2626 3976
168 164 211 228 94
445 157 468 208 A
492 158 691 210 suasorios·
706 159 810 209 raon
831 159 901 208 rna

166 337 229 377 non
252 319 401 390 dissimile,
425 321 507 396 quod
532 321 570 380 ad
593 339 673 378 mare
701 330 741 391 tu,
766 338 823 396 ego
852 321 890 379 ad
917 320 1036 378 Larium
1063 320 1175 380 lacum.

165 417 264 477 Huius
292 419 323 474 in
350 419 433 478 litore
456 419 554 494 plures
578 417 661 477 villae
684 438 776 490 meae,
800 420 853 478 sed
880 420 955 482 duae
983 420 1109 479 maxime
1138 430 1177 476 ut

166 517 310 576 delectant
331 519 371 576 ita
391 528 535 576 exercent.
586 517 686 576 Altera
705 519 833 597 inposita
853 519 930 578 saxis
951 536 1035 577 more
1057 517 1174 577 Baiano
1191 543 1205 592 5

165 615 262 675 lacum
290 618 440 692 prospicit,
465 618 554 675 altera
578 636 672 694 aeque
695 635 778 676 more
803 617 914 676 Baiano
941 618 1039 677 lacurn
1067 617 1173 692 tangit.

165 715 269 793 Itaque
288 716 366 774 illam
386 716 577 791 tragoediam,
597 716 673 775 hanc
694 717 840 793 appellare
861 717 1046 775 comoediam
1068 715 1172 787 soleo;

166 815 255 886 illam,
283 815 364 891 quod
398 815 480 890 quasi
516 815 674 886 cothurnis,
701 815 787 888 banc,
816 816 898 892 quod
928 815 1011 892 quasi
1044 814 1174 873 socculis

167 917 331 973 sustinetur.
386 914 445 973 Sua
472 916 587 990 utrique
615 918 778 975 amoenitas
806 926 835 974 et
861 926 984 992 utraque
1007 913 1175 991 possidenti

166 1015 232 1090 ipsa
259 1014 420 1073 diversitate
447 1016 610 1073 iucundior.
662 1015 747 1074 Haec
769 1015 836 1074 lacu
860 1016 989 1092 propius,
1013 1015 1061 1073 illa
1084 1013 1174 1072 latius
1190 1042 1225 1078 ιο

166 1114 271 1171 utitur:
299 1113 373 1172 haec
394 1132 488 1172 unum
508 1114 604 1172 sinum
625 1114 707 1172 molli
727 1114 893 1173 curvamine
913 1113 1101 1190 amplectitur,
1121 1112 1175 1170 illa

166 1213 327 1271 editissimo
355 1213 444 1272 dorso
480 1213 555 1272 duos
579 1212 702 1271 dirimit:
737 1213 793 1272 illic
821 1223 902 1271 recta
928 1212 1051 1289 gestatio
1078 1212 1174 1285 longo

166 1310 256 1369 limite
277 1330 364 1387 super
383 1312 450 1370 litus
468 1312 641 1384 extenditur,
657 1312 706 1371 hic
727 1312 940 1388 spatiosissimo
961 1321 1046 1387 xysto
1069 1310 1187 1386 leniter¹

166 1411 340 1470 inflectitur:
376 1411 424 1469 illa
451 1411 557 1471 fluctus
584 1430 646 1471 non
676 1413 770 1483 sentit,
798 1412 871 1470 haec
900 1409 1022 1486 frangit:
1058 1429 1094 1468 ex
1122 1409 1175 1468 illa

167 1510 263 1584 possis
284 1509 434 1584 despicere
455 1511 611 1586 piscantes,
636 1530 672 1570 ex
696 1510 752 1569 hac
774 1510 838 1588 ipse
856 1503 967 1585 'piscari
991 1509 1174 1585 hamumque
1190 1537 1223 1587 ¹5

168 1608 205 1665 de
228 1609 363 1667 cubiculo
386 1628 421 1666 ac
443 1628 537 1685 paene
552 1611 639 1668 etiam
654 1610 691 1668 de
709 1610 816 1670 lectulo
837 1620 870 1668 ut
888 1609 1044 1669 enaucula
1065 1610 1173 1669 iacere.

168 1705 236 1765 Hae
251 1706 321 1764 mihi
336 1725 441 1766 causae
455 1709 569 1784 utrique
584 1726 658 1784 quae
673 1710 780 1769 desunt
798 1710 966 1769 adstruendi
987 1708 1027 1767 ob
1044 1727 1175 1785 eaquae

168 1817 333 1882 supersunt.
381 1807 442 1866 Sed
462 1809 533 1884 quid
554 1827 611 1885 ego
632 1811 775 1869 rationem
795 1810 868 1869 tibi?
905 1809 984 1886 apud
1005 1827 1094 1886 quem
1115 1826 1174 1885 pro

166 1907 277 1965 ratione
298 1907 353 1967 erit
373 1907 452 1966 idem
473 1907 575 1968 faeere.
617 1908 700 1968 Vale.

488 2105 539 2160 77.
581 2097 711 2178 (BOOK
734 2119 761 2174 9.
787 2096 845 2178 13.)

200 2224 272 2288 Pliny
280 2225 403 2276 describes
414 2228 456 2277 the
465 2228 555 2276 debate
566 2229 650 2278 which
660 2229 692 2278 he
703 2228 783 2278 raised
795 2229 820 2276 in
830 2229 873 2277 the
884 2235 968 2279 senate
979 2246 1012 2278 on
1023 2230 1065 2280 the
1077 2245 1132 2279 case
1144 2231 1179 2280 of

169 2308 257 2357 Certus
272 2309 314 2358 the
330 2325 417 2374 enemy
428 2311 458 2358 of
470 2311 611 2368 Helvidius,
621 2312 663 2361 the
675 2311 819 2376 opposition
830 2312 892 2362 with
903 2313 985 2362 which
999 2314 1030 2362 he
1044 2330 1098 2363 was
1112 2323 1175 2372 met,

168 2392 210 2440 the
222 2399 292 2456 great
308 2393 419 2442 effectos
428 2393 467 2443 his
478 2395 628 2459 concluding
639 2395 734 2460 speech,
747 2396 796 2444 and
813 2395 855 2445 the
866 2397 1023 2462 punishment
1034 2399 1083 2446 and
1095 2399 1175 2448 death

169 2475 199 2524 of
206 2476 301 2525 Certus.

440 2581 465 2622 C.
487 2581 599 2622 PLINIUS
620 2581 779 2632 QUADRATO
798 2583 852 2624 SUO
873 2584 896 2624 S.

210 2693 330 2766 Quanto
359 2695 516 2756 studiosius
544 2698 739 2774 intentiusque
770 2698 865 2775 legisti
897 2699 987 2758 libros
1022 2717 1098 2775 quos
1133 2699 1175 2760 de

169 2790 287 2852 Helvidi
322 2795 432 2854 ultione
467 2799 632 2873 composui,
666 2807 749 2856 tanto
784 2799 946 2874 impensius
976 2799 1107 2874 postulas
1139 2809 1176 2858 ut

169 2893 346 2967 perscribam
368 2895 420 2952 tibi
442 2913 575 2972 quaeque
600 2906 681 2954 extra
703 2897 793 2956 libros
815 2915 949 2974 quaeque
972 2898 1048 2956 circa
1072 2897 1174 2970 libros,

168 3000 262 3048 totum
283 2991 408 3068 denique
429 2994 563 3052 ordinem
584 2995 634 3064 rei,
649 2995 696 3054 cui
714 3015 767 3072 per
785 3005 909 3055 aetatem
929 3014 990 3055 non
1011 2996 1174 3056 interfuisti.

169 3088 279 3149 Occiso
293 3089 464 3151 Domitiano
478 3094 564 3152 statui
582 3112 698 3153 mecum
717 3114 751 3154 ac
770 3095 924 3154 deliberavi
946 3113 1010 3154 esse
1031 3115 1203 3171 magnam5

169 3187 379 3266 pulchramque
401 3193 551 3251 materiam
574 3194 736 3253 insectandi
759 3205 909 3264 nocentes,
932 3196 1055 3255 miseros
1078 3197 1174 3254 vindi-

170 3289 266 3360 candi,
288 3306 319 3346 se
341 3289 516 3365 proferendi.
558 3293 650 3352 Porro
671 3294 744 3352 inter
765 3295 856 3353 multa
880 3295 989 3354 scelera
1011 3296 1174 3354 multorum

170 3387 281 3445 nullum
309 3388 434 3447 atrocius
457 3389 615 3462 videbatur,
641 3409 729 3468 quam
757 3394 838 3469 quod
865 3394 895 3451 in
920 3404 1024 3453 senatu
1052 3405 1175 3453 senator

171 3487 306 3556 senatori,
332 3486 492 3562 praetorius
520 3489 672 3561 consulari,
698 3509 749 3550 reo
776 3493 865 3550 iudex
890 3511 995 3552 manus
1017 3494 1174 3553 intulisset.

171 3581 277 3641 Fuerat
290 3585 397 3661 alioqui
416 3584 487 3642 mihi
509 3604 576 3645 cum
598 3588 736 3648 Helvidio
756 3591 890 3664 amicitia,
905 3602 1015 3668 quanta
1034 3602 1174 3668 potuerat
1190 3616 1231 3654 10
