2636 3980
190 153 231 212 14
460 146 482 192 A
508 145 705 196 SELECTION
723 145 827 196 FROM
848 143 919 195 THE

189 310 325 385 picturae,
339 308 491 369 hominurn
511 310 636 387 denique
655 310 869 387 multorumque
888 309 1054 368 animalium
1069 309 1185 380 formas,

191 411 328 468 arborum
355 410 450 480 etiam,
476 410 500 467 si
527 411 618 470 modo
644 411 699 468 sint
728 410 859 481 decorae,
883 409 954 468 nihil
981 410 1074 485 magis
1098 426 1187 486 quarn
1223 435 1227 440 ·

189 507 351 584 amplitudo
386 510 580 569 commendet.
636 509 731 576 Idem,
755 510 933 568 orationibus
964 509 1076 578 evenit;
1117 507 1187 583 quin

191 607 278 665 etiam
297 607 490 667 voluminibus
509 608 579 684 ipsis
599 609 798 666 auctoritatem
817 607 966 684 quandam
985 617 1013 664 et
1031 605 1186 683 pulchritu-
1203 617 1234 651 ²0

191 704 289 764 dinem
317 706 404 765 adicit
431 707 611 784 magnitudo,
662 706 747 768 Haec
775 707 820 766 ille
849 706 994 783 multaque
1022 706 1085 776 alia,
1111 721 1187 781 quae

189 824 207 862 a
231 824 279 864 me
303 805 333 862 in
357 805 482 862 eandem
507 806 680 865 sententiam
705 806 799 864 solent
825 807 888 878 dici,
912 817 943 864 ut
967 817 1011 865 est
1035 805 1065 862 in
1089 804 1187 879 dispu-

191 905 281 962 tando
312 903 599 979 inconprehensibilis
631 914 659 964 et
690 905 823 975 lubricus,
854 906 894 964 ita
925 903 1019 976 eludit,
1049 915 1079 962 ut
1115 919 1186 961 con-

191 1004 291 1062 tendat
308 1003 364 1062 hos
382 1003 472 1078 ipsoS,
488 1021 611 1079 quorum
625 1005 803 1062 orationibus
818 1005 899 1075 nitar,
914 1005 1052 1081 pauciora
1070 1002 1185 1070 dixisse,

191 1121 280 1180 quam
308 1101 456 1160 ediderint.
511 1100 578 1177 Ego
607 1113 708 1161 contra
739 1114 828 1179 puto:
864 1113 952 1162 testes
981 1111 1047 1162 sunt
1078 1100 1185 1166 multae
1202 1115 1230 1163 25

189 1203 346 1261 multorum
366 1201 511 1259 orationes
533 1211 561 1268 et
582 1201 732 1266 Ciceronis
752 1219 807 1278 pro
830 1201 960 1275 Murena,
982 1219 1037 1278 pro
1056 1200 1184 1270 Varen0,

152 1327 154 1340 Α
189 1304 219 1361 in
252 1303 356 1378 quibus
386 1302 481 1360 brevis
511 1312 539 1359 et
573 1303 652 1360 nuda
683 1303 765 1377 quasi
797 1302 969 1379 subscriptio
1001 1300 1184 1379 quorundam

189 1402 343 1460 criminum
377 1399 444 1458 solis
479 1400 565 1458 titulis
599 1401 758 1460 indicatur:
800 1419 835 1458 ex
870 1401 915 1459 his
949 1409 1068 1477 apparet
1104 1398 1184 1456 illurn

190 1499 332 1576 permulta
351 1500 466 1570 dixisse,
486 1517 552 1558 euru
572 1499 677 1569 ederet,
692 1499 833 1559 omisisse.
876 1500 960 1558 Idem
979 1518 1033 1576 pro
1049 1498 1183 1559 Cluentio

189 1599 229 1656 ait
256 1616 287 1657 se
315 1607 406 1656 totam
434 1615 552 1655 causam
577 1607 671 1655 vetere
698 1599 829 1658 instituto
858 1598 951 1658 solum
979 1616 1129 1674 perorasse
1155 1606 1184 1656 et
1198 1607 1231 1657 30'

189 1715 244 1774 pro
270 1695 304 1755 C.
328 1694 465 1756 Cornelio
490 1695 651 1771 quadriduo
675 1695 788 1771 egisse;
821 1714 858 1754 ue
883 1696 1012 1755 dubitare
1036 1696 1183 1772 possimus

188 1811 263 1869 quae
285 1793 452 1870 perplures
475 1793 544 1863 dies,
566 1802 598 1851 ut
622 1811 741 1851 necesse
763 1803 832 1864 erat,
853 1793 936 1853 latius
958 1794 1059 1852 dixerit
1080 1806 1184 1870 postea

187 1893 279 1952 recisa
294 1911 328 1951 ac
342 1902 496 1968 repurgata
514 1893 544 1950 in
559 1911 649 1950 unum
668 1891 781 1962 librum,
796 1893 937 1967 grandem
951 1893 1077 1968 quidem,
1092 1912 1184 1952 unum

187 2001 294 2063 tamen,
320 2001 473 2050 coartasse.
525 1991 565 2048 At
592 1991 669 2050 aliud
693 1997 737 2048 est
765 1991 840 2050 actio
864 1993 951 2063 bona,
978 1992 1055 2050 aliud
1082 1993 1181 2051 oratio.
1309 2055 1310 2060 η

187 2089 255 2148 Scio
280 2107 341 2147 non
369 2089 455 2149 nullis
478 2091 517 2148 ita
542 2090 637 2150 videri.
681 2089 739 2148 Sed
764 2108 830 2165 ego,
855 2089 976 2150 forsitan
1004 2089 1093 2164 fallar,
1117 2110 1182 2167 per·
1198 2100 1229 2150 35

187 2206 305 2247 suasum
329 2186 424 2245 habeo
449 2205 537 2264 posse
560 2187 621 2246 fieri
646 2197 676 2246 ut
701 2189 736 2246 sit
760 2189 835 2247 actio
860 2191 940 2247 bona
960 2207 1037 2264 quae
1061 2208 1122 2248 non
1147 2193 1183 2249 sit

187 2288 266 2346 bona
291 2287 391 2356 oratio,
417 2303 478 2344 non
506 2305 594 2363 posse
623 2304 684 2344 non
708 2288 817 2346 bonam
846 2289 991 2347 actionem
1019 2307 1081 2347 esse
1107 2308 1183 2366 quae

185 2387 222 2447 sit
250 2387 329 2445 bona
357 2385 459 2443 oratio.
514 2385 568 2442 Est
600 2385 677 2443 enim
708 2386 800 2444 oratio
829 2386 950 2446 actionis
979 2388 1126 2464 exemplar
1153 2399 1183 2448 et

185 2486 269 2562 quasi
296 2486 447 2559 ἀρχέτυπον.
502 2483 576 2543 Ideo
606 2483 637 2544 in
669 2485 779 2560 optima
813 2505 928 2562 quaque
963 2487 1040 2545 mille
1075 2487 1182 2564 figuras

187 2583 397 2660 extemporales
425 2581 594 2654 invenimus,
619 2583 650 2640 in
677 2583 711 2642 iis
736 2585 823 2642 etiam
851 2603 924 2660 quas
950 2595 1062 2646 tantum
1090 2587 1181 2645 editas
1196 2605 1229 2654 40
1309 2599 1310 2612 ¹

188 2684 304 2754 scimus,
326 2690 358 2738 ut
381 2681 412 2738 in
430 2679 560 2751 Verrem,
583 2680 737 2740 ‘artificem
762 2684 870 2757 queml
899 2684 1076 2760 quemnam?
1104 2693 1182 2744 recte

187 2782 349 2841 admones:
385 2778 557 2853 Polyclitum
584 2797 648 2838 esse
678 2779 829 2840 dicebant!
891 2779 1024 2858 Sequitur
1051 2801 1122 2858 ergo
1151 2794 1183 2842 ut

187 2880 263 2941 actio
284 2879 318 2937 sit
336 2878 549 2936 absolutissima
568 2896 643 2955 quae
663 2880 789 2938 maxime
808 2881 947 2939 orationis
966 2881 1183 2942 similitudinem

186 2978 369 3055 expresserit,
395 2978 419 3035 si
444 2978 534 3037 modo
559 2978 665 3036 iustum
689 2964 728 3038 et'
745 2978 875 3037 debitum
898 2988 1014 3056 tempus
1040 2980 1181 3056 accipiat:

187 3077 268 3156 quod
292 3077 317 3134 si
341 3086 470 3151 negetur,
496 3074 574 3136 nulla
597 3077 729 3148 oratoris,
752 3078 879 3136 maxima
900 3078 1000 3137 iudicis
1022 3080 1107 3156 culpa
1127 3090 1180 3140 est.
1195 3101 1228 3152 45
1309 3075 1310 3086 ¹

186 3178 303 3236 Adsunt
322 3175 388 3234 huic
407 3174 539 3250 opinioni
558 3193 640 3234 meae
660 3177 748 3252 leges,
768 3195 843 3253 quae
862 3175 1031 3252 longissima
1049 3189 1182 3255 tempora

185 3276 344 3352 largiuntur
367 3292 421 3333 nec
442 3274 609 3333 brevitatem
635 3275 805 3346 dicentibus,
831 3275 883 3333 sed
907 3277 1033 3352 copiam,
1058 3278 1116 3338 hoc
1137 3290 1181 3340 est

187 3373 371 3450 diligentiam,
394 3373 532 3447 suadent;
562 3391 650 3450 quam
675 3382 820 3448 praestare
842 3373 897 3431 nisi
917 3374 948 3430 in
969 3377 1181 3452 angustissimis

185 3474 280 3534 causis
311 3490 373 3534 non
407 3482 504 3548 potest
538 3472 670 3531 brevitas.
720 3471 852 3529 Adiciam
888 3472 969 3550 quod
1003 3493 1050 3533 me
1082 3475 1181 3536 docuit

186 3589 264 3645 usus,
291 3573 428 3650 magister
451 3572 592 3650 egregius.
634 3569 811 3648 Frequenter
836 3571 890 3648 egi,
921 3569 1084 3650 frequenter
1107 3575 1179 3636 iudi·
1194 3593 1229 3646 50
1309 3591 1310 3650 j
