2636 3980
177 205 216 250 10
443 201 465 250 A
491 203 689 252 SELECTION
708 205 812 252 FROM
833 203 903 251 THE

173 361 224 418 tibi
245 372 394 437 tamquam
415 361 445 420 in
466 373 515 421 tua
535 363 658 440 placeat.
700 362 833 423 Aciliano
853 381 922 421 vero
943 361 998 440 ipsi
1020 361 1174 440 plurimum

174 459 279 534 vigoris
294 460 459 533 industriae,
474 479 653 538 quamquam
667 463 697 520 in
711 463 839 521 maxima
852 462 1034 521 verecundia.
1076 461 1174 534 Quae·
1190 485 1202 518 2
1206 484 1220 534 5

174 568 283 616 sturam
311 560 487 631 tribunatum
515 570 678 636 praeturam
705 560 910 619 honestissime
935 562 1111 636 percucurrit
1140 579 1175 620 ac

174 657 232 714 iarn
260 675 314 732 pro
344 675 375 717 se
404 658 454 715 tibi
482 659 684 717 necessitatem
713 660 860 718 ambiendi
888 660 1005 718 remisit.
1055 660 1110 717 Est
1136 659 1176 718 illi

174 754 263 813 facies
290 755 412 814 liberalis
440 757 531 815 multo
562 759 712 834 sanguine,
737 758 829 815 multo
857 759 962 816 rubore
988 758 1107 828 suffusa,
1132 766 1176 816 est

175 854 302 930 ingenua
330 855 417 912 totius
445 855 575 931 corporis
603 855 786 931 pulchritudo
812 867 839 914 et
867 857 986 933 quidam
1015 857 1175 916 senatorius

177 953 273 1011 decor.
317 950 402 1023 Quae
426 971 483 1028 ego
508 971 693 1030 nequaquam
719 955 838 1012 arbitror
859 955 1059 1032 neglegenda:
1089 954 1177 1012 debet
1191 971 1223 1019 30

176 1051 255 1108 enim
274 1051 331 1110 hoc
348 1053 469 1110 castitati
490 1053 650 1128 puellarum
670 1053 753 1130 quasi
771 1055 935 1128 praemium
955 1055 1022 1112 dari.
1067 1053 1176 1112 Nescio

176 1169 214 1208 an
239 1151 362 1210 adiciam
387 1170 451 1210 esse
475 1152 549 1227 patri
577 1153 638 1210 eius
663 1151 775 1227 amplas
803 1151 961 1212 facultates.
1004 1153 1083 1212 Nam
1108 1169 1176 1210 cum

177 1251 322 1326 imaginor
353 1269 413 1322 vos,
446 1251 550 1326 quibus
582 1250 747 1326 quaerimus
779 1269 929 1326 generum,
961 1250 1104 1309 silendum
1140 1249 1176 1307 de

177 1348 361 1408 facultatibus
385 1358 473 1427 puto:
505 1365 572 1406 cum
597 1348 730 1425 publicos
755 1367 852 1406 mores
878 1359 964 1426 atque
986 1350 1073 1407 etiam
1097 1349 1177 1424 leges

178 1443 299 1502 civitatis
333 1446 454 1516 intueor,
489 1461 564 1518 quae
599 1442 644 1500 vel
682 1443 712 1499 in
748 1443 849 1518 primis
885 1462 990 1503 census
1024 1444 1178 1501 hominum
1192 1465 1223 1514 35

179 1542 354 1617 spectandos
382 1544 561 1615 arbitrantur,
591 1560 629 1599 ne
660 1541 690 1599 id
718 1537 849 1617 quidem⁸
867 1542 1109 1617 praetereundum
1137 1543 1182 1599 vi-'

179 1639 268 1698 detur.
311 1640 349 1698 Et
377 1660 446 1700 sane
472 1641 509 1699 de
535 1640 659 1716 posteris
684 1648 713 1698 et
741 1639 784 1698 his
812 1639 941 1716 pluribus
965 1641 1103 1716 cogitanti
1130 1639 1178 1698 hic

180 1756 298 1816 quoque
322 1741 352 1797 in
374 1741 593 1799 condicionibus
614 1739 774 1814 deligendis
799 1739 955 1814 ponendus
976 1749 1019 1797 est
1044 1739 1176 1798 calculus.

180 1835 229 1894 Tu
252 1837 373 1900 fortasse
398 1859 445 1899 me
466 1849 550 1916 putes
570 1838 723 1897 indulsisse
745 1837 836 1895 amori
861 1854 929 1896 meo
950 1855 1094 1914 supraque
1115 1839 1177 1910 ista,

179 1953 269 2011 quam
296 1957 342 1997 res
369 1939 483 2016 patitur,
509 1936 664 1996 sustulisse.
715 1934 755 1994 At
783 1954 841 2012 ego
866 1936 923 1994 fide
951 1955 1017 1995 mea
1044 1937 1178 2012 spondeo
1191 1958 1225 2006 40
1307 1931 1308 1994 l

179 2035 306 2093 futurum
336 2046 367 2094 ut
399 2038 497 2094 omnia
529 2036 616 2112 longe
645 2035 795 2112 ampliora,
824 2052 913 2111 quam
942 2053 959 2093 a
986 2053 1034 2093 me
1065 2036 1178 2111 praedi-

181 2140 292 2203 cantur,
306 2133 442 2192 invenias.
484 2133 583 2208 Diligo
598 2134 715 2209 quidem
736 2133 949 2192 adulescentem
969 2134 1178 2207 ardentissime,

182 2230 254 2288 sicut
282 2241 420 2306 meretur3
454 2230 506 2290 sed
533 2231 590 2291 hoe
617 2233 714 2308 ipsum
742 2231 866 2290 amantis
891 2240 943 2303 est,
969 2250 1031 2290 non
1057 2250 1178 2292 onerare

182 2347 249 2388 eum
271 2329 409 2390 laudibus.
451 2332 535 2392 Vale.

502 2607 553 2660 10.
595 2598 724 2680 (BOOK
749 2619 772 2660 1.
800 2599 858 2681 15.)

215 2765 287 2828 Pliny
304 2764 386 2814 rallies
403 2765 525 2830 Septicius
541 2781 574 2814 on
591 2765 685 2830 having
700 2765 794 2814 broken
811 2766 850 2814 his
867 2771 1030 2830 engagement
1047 2771 1073 2814 to
1090 2763 1148 2816 dine

354 2848 414 2898 with
431 2849 491 2906 him,
507 2849 557 2898 and
573 2849 630 2898 tells
647 2848 698 2897 him
714 2849 734 2897 it
751 2865 803 2899 was
819 2849 858 2898 his
876 2865 932 2900 own
949 2850 1008 2898 loss.

414 3005 439 3045 C.
460 3003 574 3045 PLINIUS
594 3003 721 3045 SEPTICIO
742 3004 835 3045 CLARO
857 3005 910 3045 SUO
932 3005 953 3044 S.

225 3135 309 3196 Heus
329 3145 360 3193 tu
378 3134 523 3212 promittis
543 3133 580 3192 ad
601 3151 704 3191 cenam
723 3152 778 3191 nec
796 3133 892 3194 venisl
935 3134 1048 3192 Dicitur
1061 3135 1122 3193 ius:
1144 3133 1183 3194 ad

184 3253 281 3296 assem
302 3235 471 3312 inpendium
493 3232 605 3304 reddeS,
627 3250 682 3291 nec
704 3232 734 3291 id
759 3233 918 3292 modicum.
960 3233 1081 3292 Paratae
1102 3244 1184 3291 erant

184 3333 314 3393 lactucae
346 3333 483 3409 singulae,
516 3331 652 3391 cochleae
683 3341 790 3404 ternae,
819 3350 875 3390 ova
904 3331 982 3402 bina,
1011 3333 1084 3391 alica
1115 3350 1184 3390 curn

184 3433 280 3490 mulso
301 3441 329 3490 et
353 3432 418 3490 nive
440 3428 521 3508 (nam
545 3429 621 3487 hanc
642 3447 758 3505 quoque
780 3431 973 3507 computabis,
994 3431 1086 3489 immo
1107 3431 1184 3488 hanc

184 3530 216 3587 in
235 3530 343 3606 primis,
358 3548 432 3607 quae
451 3529 534 3605 periit
553 3529 582 3586 iu
601 3527 732 3606 ferculo),
748 3527 848 3601 olivae,
869 3529 989 3599 betacei,
1010 3530 1213 3603 cucurbitae‚5

184 3627 272 3701 bulbi,
294 3630 349 3689 alia
369 3630 446 3687 mille
467 3647 529 3688 non
551 3630 648 3688 minus
668 3628 752 3687 lauta
796 3627 936 3686 Audisses
958 3627 1119 3687 comoedos
1140 3628 1185 3688 vel
