2636 3980
165 204 323 252 aurnuns
345 206 389 253 or
412 205 603 255 c.Prrrv1vs
626 203 811 254 exacturus
831 204 1023 254 accursus,
1070 203 1110 271 75

438 402 492 455 ao.
536 393 716 474 (nocue.
743 393 799 473 19.)

147 511 202 560 The
219 517 302 560 senate
319 510 503 573 endeavouring
519 516 546 558 to
563 509 643 573 purify
656 509 688 557 its
705 509 822 557 electioris
839 515 865 556 to
881 508 923 556 the
939 508 1113 571 magistracies,

116 594 160 642 has
185 595 247 642 been
270 593 393 642 seconded
417 593 451 655 by
468 592 511 640 the
533 591 660 655 Emperor,
677 591 735 640 who
759 591 805 640 has
829 591 1001 655 promulgated
1027 608 1041 640 a
1066 591 1115 639 law

116 677 223 740 limiting
235 675 276 724 the
287 675 446 740 expenditure
459 674 489 723 of
497 673 645 732 candidates,
658 673 706 722 and
718 674 824 736 requires
838 674 905 722 them
917 681 944 722 to
955 674 986 722 be
998 673 1115 738 qualilied

116 759 148 822 by
166 758 208 806 the
225 757 364 822 possession
386 757 415 806 ol
434 763 551 821 property
568 756 593 806 in
610 756 683 820 Italy.
728 755 791 804 This
812 763 952 806 enactment
968 757 1013 806 has
1035 756 1115 804 raised

116 840 156 890 the
167 841 239 890 value
250 840 279 890 of
287 840 378 890 landed
389 847 505 904 property
516 854 575 887 near
586 839 627 888 the
638 839 696 901 city.

411 959 436 1002 (ἶ.
459 958 572 1000 PLINIUS
593 958 699 1000 NEPOTI
720 960 773 1001 SUO
794 961 815 1001 S·

157 1057 219 1116 Scis
246 1067 278 1118 tu
302 1059 443 1116 accessise
471 1056 595 1132 pretium
623 1058 708 1132 agris,
737 1057 891 1133 praecipue
919 1055 1112 1115 suburbanis?

116 1152 212 1210 Causa
247 1153 357 1210 subitae
393 1151 517 1210 caritatis
554 1168 600 1208 res
635 1151 731 1210 multis
770 1152 877 1227 agitata
911 1151 1112 1210 sermonibus:

116 1251 255 1328 proximis
290 1251 412 1309 comitiis
440 1249 660 1308 honestissimas
687 1269 775 1310 voces
811 1260 928 1310 senatus
964 1250 1113 1325 expressit,

117 1349 281 1407 ‘candidati
302 1368 340 1408 ne
360 1350 555 1424 conviventur,
570 1368 607 1408 ne
630 1350 745 1408 mittant
766 1368 897 1421 munera,
916 1368 952 1406 ne
974 1348 1114 1425 pecunias

92 1449 283 1525 §deponant'
334 1448 381 1506 Ex
407 1449 511 1525 quibus
540 1451 598 1510 duo
620 1451 718 1527 priora
742 1460 802 1508 tam
825 1459 923 1525 aperte
948 1467 1037 1524 quam
1060 1448 1114 1506 im-

116 1551 230 1608 modice
258 1549 374 1620 fiebant,
403 1549 460 1608 hoc
484 1551 609 1622 tertium,
635 1569 813 1628 quamquam
836 1550 1034 1620 occultaretur,
1059 1565 1113 1624 pro

116 1658 266 1725 comperto
294 1647 461 1706 habebatur.
513 1649 671 1708 Homullus
700 1650 804 1708 deinde
832 1660 940 1719 noster,
965 1649 1115 1723 vigilanter

115 1766 184 1806 usus
212 1747 269 1806 hoc
298 1765 445 1806 consensu
470 1759 596 1820 senatus,
621 1750 780 1808 sententiae
807 1749 874 1806 loco
902 1748 1055 1823 postulavit
1082 1756 1115 1804 ut

116 1847 251 1905 consules
279 1846 454 1904 desiderium
481 1848 681 1906 universorum
708 1856 810 1905 notum
838 1846 961 1923 principi
986 1845 1113 1903 facerent

78 1960 106 1993 10
116 1954 310 2021 peterentque,
336 1945 409 2002 sicut
437 1946 498 2004 aliis
523 1947 596 2004 vitiis
620 1945 685 2004 huic
714 1962 832 2021 quoque
856 1944 1037 2020 providentia
1061 1961 1114 2002 sua

115 2054 286 2103 occurreret
338 2042 487 2102 Occurrit:
510 2063 580 2102 nam
604 2053 738 2119 sumptus
757 2043 987 2112 candidatorum,
1009 2042 1114 2100 foedos

116 2142 180 2200 illos
195 2151 223 2200 et
238 2141 373 2222 infames,
389 2143 514 2200 ambitus
533 2143 598 2220 lege
618 2143 779 2204 restrinxit:
809 2142 931 2201 eosdem
950 2139 1115 2216 patrimonii

116 2241 229 2300 tertiam
256 2250 369 2316 partem
397 2240 528 2300 conferre
555 2242 636 2301 iussit
662 2242 693 2299 in
723 2260 758 2302 ea
789 2259 864 2317 quae
892 2239 957 2299 solo
985 2240 1115 2298 contine-

116 2350 222 2411 rentur,
238 2339 368 2398 deforme
387 2341 547 2410 arbitratus,
563 2350 592 2399 et
611 2350 679 2411 erat,
694 2339 838 2399 honorem
857 2339 997 2414 petituros
1011 2339 1114 2396 urbem

77 2437 289 2514 15Italiamque
317 2456 378 2496 non
405 2455 460 2513 pro
483 2440 584 2514 patria,
610 2439 663 2496 sed
687 2456 740 2514 pro
768 2437 895 2513 hospitio
923 2447 972 2496 aut
1000 2437 1114 2496 stabulo

118 2539 201 2613 quasi
229 2537 446 2613 peregrinantes
473 2537 589 2596 habere.
640 2535 823 2596 Concursant
851 2553 922 2612 ergo
947 2534 1112 2594 candidati:

118 2636 249 2695 certatim
276 2636 417 2712 quidquid
443 2636 544 2693 venale
572 2636 693 2695 audiunt
727 2636 880 2710 emptitant
911 2650 1029 2709 quoque
1058 2633 1116 2692 sint

118 2735 201 2812 plura
224 2735 336 2792 venalia
361 2734 496 2793 efficiunt.
547 2733 673 2793 Proinde
698 2734 722 2792 si
746 2733 872 2809 paenitet
895 2741 924 2790 te
947 2731 1115 2792 Italicorum

118 2833 311 2910 praediorum,
339 2833 396 2891 hoc
423 2832 568 2893 vendendi
596 2843 711 2909 tempus
738 2842 798 2892 tam
824 2830 941 2890 hercule
969 2849 1057 2908 quam
1085 2832 1115 2890 in

78 2952 109 2985 20
119 2932 274 3010 provinciis
302 2933 499 3008 comparandi,
523 2933 593 2992 dum
620 2931 708 2992 iidem
730 2928 875 2991 candidati
897 2929 954 2988 illic
978 2930 1116 3001 vendunt,

118 3040 150 3090 ut
171 3031 219 3090 hic
241 3041 348 3090 emant.
390 3031 473 3090 Vale.

357 3197 421 3304 ‘l‘
446 3212 492 3265 61.
535 3204 664 3285 (BOOK
687 3208 714 3264 6.
738 3202 798 3284 20.)

131 3320 203 3385 Pliny
213 3321 282 3386 gives
293 3321 395 3370 Tacitus
406 3336 421 3370 a
432 3320 554 3370 narrative
566 3320 596 3369 os
603 3320 642 3370 his
654 3335 709 3370 own
721 3319 890 3370 observations
901 3319 950 3368 and
961 3318 1105 3368 adventures

229 3403 319 3468 during
330 3403 371 3453 the
383 3402 504 3468 eruption,
516 3402 578 3454 after
588 3403 627 3454 his
639 3404 710 3452 uncle
721 3402 765 3452 left
775 3403 827 3452 him
839 3410 864 3453 at
877 3403 1008 3452 Misenum.

418 3523 441 3565 c.
463 3523 574 3566 sumus
595 3523 701 3564 cremo
722 3522 775 3564 suo
797 3523 818 3564 s

159 3623 213 3680 Ais
248 3631 275 3680 te
304 3620 462 3680 adductum
489 3620 588 3680 litteris
616 3638 689 3698 quas
718 3619 845 3696 exigenti
877 3619 928 3678 tibi
958 3619 993 3677 de
1022 3628 1116 3677 morte
