2636 3980
196 210 236 258 22
468 208 491 257 A
516 210 715 260 sntncrlon
732 211 835 260 rRoM
858 211 927 261 THE

516 521 566 578 ιε.
609 513 738 594 (soor
761 533 788 574 2.
813 511 871 591 10.)

194 657 335 726 Plinybegs
346 661 465 712 Octavius
475 663 554 714 Rufus
566 671 593 714 to
604 664 695 714 collect
705 663 754 713 and
763 663 870 728 publish,
879 678 908 712 or
918 669 944 711 at
956 678 1004 726 any
1012 668 1065 712 rate
1076 669 1103 713 to
1112 663 1191 725 recite,

622 749 661 798 his
672 763 766 813 poema.

488 885 512 926 C.
534 877 646 926 Pnrnlus
667 878 792 926 OCTAVIO
813 883 866 925 SUO
887 883 909 924 S·
1008 895 1011 900 ·

237 988 400 1057 Hominem
415 1007 443 1057 te
457 999 615 1076 patientem
629 999 675 1058 vel
689 999 785 1075 potius
806 997 910 1055 durum
927 1014 961 1054 ac
980 1013 1074 1073 paene
1093 993 1192 1053 cmde-

194 1082 261 1165 lem,
278 1095 326 1172 qui
340 1106 401 1156 tam
419 1098 550 1174 insignes
570 1098 659 1157 libros
678 1107 739 1157 tam
757 1096 805 1154 diu
826 1095 945 1154 teneasl
988 1093 1150 1170 Quousque
1165 1103 1193 1152 et

195 1191 248 1250 tibi
270 1203 299 1252 et
319 1196 404 1256 nobis
426 1196 575 1268 invidebis,
595 1197 646 1256 tibi
668 1188 796 1254 marr-ima
815 1193 908 1265 laude,
928 1193 1013 1252 nobis
1027 1191 1192 1268 voluptate?

197 1287 267 1349 Sine
296 1311 350 1369 per
373 1312 425 1353 ora
452 1294 606 1353 hominum
634 1295 761 1353 ferantur
782 1291 933 1368 isdemque
963 1291 1067 1368 quibus
1094 1291 1193 1366 lingua

197 1385 335 1452 Romana
354 1393 453 1469 spatiis
467 1405 669 1471 pervagentur.
711 1391 824 1468 Magna
840 1400 868 1450 et
881 1392 940 1449 iam
954 1389 1043 1465 longa
1060 1400 1193 1466 expecta·
1208 1403 1223 1462 5

196 1488 238 1546 tio
258 1499 311 1560 est,
326 1508 415 1568 quam
436 1492 563 1552 frustrari
585 1492 680 1551 adhuc
699 1502 727 1550 et
743 1485 856 1550 differre
877 1508 939 1549 non
961 1489 1059 1548 debes.
1100 1487 1193 1546 Enot-

196 1598 302 1647 uerunt
316 1588 434 1665 quidam
450 1592 489 1649 tui
504 1607 601 1650 versus
616 1601 644 1650 et
659 1589 748 1648 invito
763 1600 790 1648 te
805 1588 928 1648 claustra
942 1606 995 1647 sua
1009 1587 1193 1663 refregerunt.

195 1673 265 1744 Hos
287 1687 342 1745 nisi
362 1688 482 1748 retrahis
500 1689 531 1746 in
551 1707 665 1766 eorpus
681 1687 858 1772 quandoque
879 1697 911 1747 ut
929 1705 1047 1746 errones
1068 1685 1194 1762 aliquem

196 1784 278 1843 cuius
292 1785 424 1845 dicantur
437 1787 592 1846 invenient.
635 1785 722 1846 Habe
742 1797 809 1846 ante
829 1787 930 1846 oeulos
949 1786 1196 1856 mortalitatem,a

95 1907 96 1912 ¹
196 1902 254 1960 qua
282 1884 414 1946 adserere
435 1896 464 1945 te
488 1887 546 1946 hoc
568 1905 629 1946 uno
655 1888 840 1946 monimento
864 1896 968 1963 potes:
1001 1903 1071 1942 nam
1099 1894 1195 1943 cetera
1212 1912 1244 1946 ιο

195 1981 308 2059 fragilia
329 1995 357 2044 et
378 1985 490 2044 caduca
510 2003 572 2043 non
594 1985 691 2044 minus
712 2002 802 2062 quam
823 1985 879 2062 ipsi
900 1983 1035 2042 homines
1056 1983 1195 2042 occidunt

198 2082 400 2160 desinuntque.
442 2083 541 2156 Dices,
562 2094 595 2143 ut
615 2085 701 2156 soles,
724 2085 826 2145 ‘amici
846 2086 904 2143 mei
923 2083 1045 2142 viderint
1053 2083 1070 2142 '.
1112 2082 1194 2162 Opto

196 2180 333 2258 equidem
347 2183 458 2242 amicos
473 2183 525 2241 tibi
536 2193 595 2241 tam
609 2183 717 2256 fideles,
729 2194 790 2242 tam
804 2183 941 2255 eruditos,
952 2193 1013 2241 tam
1022 2182 1195 2254 laboriosos,

196 2289 228 2337 ut
242 2289 354 2339 tantum
369 2299 454 2340 curae
473 2282 702 2358 intentionisque
722 2284 866 2361 suscipere
886 2292 914 2342 et
928 2283 1042 2360 possint
1056 2290 1085 2339 et
1099 2282 1195 2340 velint.

198 2377 257 2439 Sed
273 2379 382 2457 dispice
396 2399 433 2439 ne
453 2381 489 2440 sit
502 2397 604 2457 parum
619 2381 772 2457 providum
786 2401 901 2459 sperare
921 2401 958 2442 ex
973 2380 1035 2441 aliis
1049 2381 1130 2458 quod
1143 2380 1197 2438 tibi
1213 2402 1245 2451 15

194 2479 258 2556 ipse
276 2498 337 2540 non
356 2490 493 2557 praestes.
534 2479 573 2537 Et
590 2479 626 2538 de
644 2479 771 2539 editione
786 2481 904 2560 quidem
919 2481 1034 2540 interim
1048 2490 1080 2539 ut
1093 2478 1194 2540 voles:

195 2578 285 2636 recita
303 2579 413 2650 saltem,
428 2596 488 2654 quo
502 2578 596 2655 magis
610 2577 697 2637 libeat
711 2580 849 2654 emittere,
865 2591 953 2658 utque
967 2579 1087 2638 tandem
1101 2578 1197 2656 perci-

196 2677 260 2753 pias
274 2676 421 2752 gaudium,
436 2676 517 2755 quod
536 2694 592 2752 ego
612 2677 682 2735 olim
695 2696 749 2755 pro
767 2689 795 2738 te
817 2698 879 2738 non
900 2690 1008 2738 temere
1028 2696 1196 2756 praesumo.

197 2773 347 2851 Imaginor
361 2777 440 2834 enim
454 2775 503 2853 qui
517 2793 685 2848 concursus,
701 2796 775 2854 quae
790 2779 941 2837 admiratio
956 2788 992 2850 te,
1009 2777 1057 2854 qui
1073 2777 1196 2850 clamor,

197 2874 278 2950 quod
292 2874 378 2933 etiam
392 2872 537 2933 silentium
551 2884 685 2947 maneat;
708 2894 767 2953 quo
786 2895 852 2952 ego,
867 2895 935 2934 eum
955 2876 1021 2935 dico
1036 2875 1081 2933 vel
1095 2876 1197 2948 recito,
1216 2898 1251 2932 πο

197 2989 259 3030 non
279 2973 376 3031 minus
397 2991 486 3050 quam
505 2973 632 3032 clamore
650 2972 785 3047 delector,
802 2975 837 3033 sit
856 2974 947 3033 modo
966 2974 1110 3033 silentium
1128 2992 1199 3033 acre

197 3080 226 3130 et
253 3070 396 3130 intentum
425 3081 454 3130 et
481 3071 621 3148 cupidum
648 3072 784 3133 ulteriora
814 3073 959 3132 audiendi.
1003 3072 1073 3131 Hoc
1100 3072 1199 3132 fructu
1224 3147 1229 3154 1

197 3178 288 3241 tant0,
314 3179 374 3229 tam
397 3179 499 3246 parato
528 3171 628 3230 desine
657 3173 753 3232 studia
781 3182 830 3231 tua
857 3171 968 3231 infinita
995 3171 1049 3230 ista
1077 3179 1199 3230 cuncta·
1241 3146 1254 3179 Ε

199 3269 277 3327 tione
312 3267 462 3342 fraudare;
505 3287 580 3346 quae
615 3288 683 3329 cum
717 3271 841 3330 modum
879 3269 1002 3341 excedit,
1036 3267 1200 3328 verendum

199 3378 243 3427 est
271 3385 309 3426 ne
336 3367 455 3426 inertiae
488 3376 517 3427 et
545 3367 672 3428 desidiae
700 3369 744 3428 vel
779 3370 866 3428 etiam
899 3367 1056 3428 timiditatis
1084 3384 1200 3425 nomen
1218 3389 1253 3440 ²5

199 3466 329 3546 accipiat.
372 3465 454 3525 Vale.
