2636 3980
172 219 330 269 LETTERS
354 221 398 270 OF
421 222 451 272 0.
466 222 613 270 PLINIUS
636 223 821 271 CAECILIUS
842 223 1035 272 SECUNDUS.
1070 230 1111 296 39

82 395 112 442 40
122 377 192 437 Tam
220 381 350 458 angustis
378 381 508 441 terminis
539 392 638 441 tantae
667 383 856 442 multitudinis
884 383 1016 442 vivacitas
1049 385 1114 458 ipsa

122 478 306 551 concluditur,
328 488 359 537 ut
384 479 454 538 mihi
475 498 538 539 non
559 483 643 541 venia
662 482 759 540 solum
780 483 885 557 dignae
906 500 1005 541 verum
1026 483 1114 540 etiam

121 577 201 636 laude
218 578 368 636 videantur
387 579 452 636 illae
473 580 570 656 regiae
591 579 732 638 lacrimae.
777 579 856 638 Nam
873 579 967 638 ferunt
985 580 1112 649 Xerxen,

122 693 184 732 cum
203 676 369 734 inmensum
390 677 546 736 exercitum
563 678 657 736 oculis
677 679 794 750 obisset,
814 678 1019 749 inlacrimasse,
1034 678 1114 754 quod

122 783 160 832 tot
173 775 288 834 milibus
301 786 362 834 tarn
376 776 470 835 brevis
489 777 655 836 immineret.
665 796 796 836 occasus.
841 777 899 836 Sed
918 787 999 836 tanto
1019 779 1113 853 magis

81 873 174 932 45hoc
198 873 339 950 quidquid
364 884 408 932 est
432 875 571 951 temporis
596 875 683 934 futilis
708 884 737 933 et
762 875 871 947 caduci,
894 876 920 934 si
945 893 1006 943 non
1031 876 1114 934 datur

121 971 199 1029 iactis
220 970 302 1051 (nam
330 971 433 1030 horum
461 974 580 1033 materia
603 975 634 1032 in
661 974 754 1032 aliena
777 971 887 1052 manu),
910 984 987 1032 certe
1012 974 1113 1033 studiis

121 1069 305 1144 proferamus,
327 1080 355 1128 et
376 1081 519 1146 quatenus
547 1073 632 1130 nobis
654 1072 814 1148 denegatur
835 1071 884 1129 diu
905 1072 1006 1144 vivere,
1028 1073 1114 1130 relin-

121 1187 241 1244 quamus
259 1169 367 1245 aliquid
388 1187 447 1246 quo
467 1189 523 1228 nos
538 1171 644 1228 vixisse
665 1179 810 1229 testemur.
854 1168 921 1228 Scio
942 1180 971 1227 te
992 1171 1113 1230 stimulis

121 1285 179 1325 non
209 1285 311 1344 egere;
348 1287 396 1326 me
424 1278 523 1327 tamen
552 1270 592 1327 tui
623 1268 726 1328 caritas
759 1278 861 1327 evocat
893 1277 925 1325 ut
952 1279 1114 1328 currentem

80 1383 235 1442 50qu0que
263 1367 406 1442 instigem,
433 1369 506 1426 sicut
534 1378 566 1426 tu
594 1368 670 1427 soles
698 1386 754 1426 me.
795 1367 892 1440 Ἀγαθὴ
917 1365 939 1423 S
960 1371 1020 1440 ἔρις,
1046 1387 1113 1427 curn

120 1465 241 1522 invicem
260 1483 292 1523 se
311 1465 417 1524 mutuis
436 1466 683 1525 exhortationibus
702 1466 787 1526 amici
806 1466 843 1524 ad
862 1484 992 1527 amorem
1006 1467 1114 1526 inmor-

120 1563 232 1622 talitatis
247 1574 400 1623 exacuunt.
441 1564 524 1625 Vale.

431 1859 487 1912 28.
530 1851 659 1932 (BOOK
682 1873 707 1929 3.
736 1851 794 1932 11.)

150 2000 227 2063 Pliny,
250 1999 323 2048 while
345 1999 503 2064 deprecatiug
525 2001 567 2049 the
594 2000 715 2049 excessive
739 1998 864 2063 gratitude
886 1997 915 2047 ol
935 1998 1113 2058 Artemidorus,

116 2083 205 2131 relates
222 2083 282 2131 with
304 2099 372 2131 some
392 2082 544 2131 satisfaction
566 2083 608 2131 the
630 2083 769 2146 dangerous
791 2083 894 2131 services
911 2081 992 2131 which
1011 2083 1042 2132 he
1065 2084 1115 2133 had

115 2165 233 2215 rendered
249 2172 276 2214 to
293 2181 309 2213 a
325 2180 382 2214 man
398 2180 426 2214 so
444 2165 540 2228 worthy
558 2165 587 2214 of
598 2165 638 2214 his
655 2165 750 2229 regard.

345 2320 369 2362 C·
392 2319 504 2361 PLINIUS
524 2319 605 2361 IULlO
625 2320 765 2362 GENlTORI
785 2318 839 2360 SUO
859 2319 881 2359 S.

157 2454 211 2513 Est
240 2455 361 2513 omnino
386 2452 562 2510 Artemidori
590 2452 681 2511 nostri
709 2461 769 2510 tam
796 2452 925 2526 benigna
952 2461 1061 2521 natura,
1082 2462 1116 2510 ut

114 2554 212 2612 officia
247 2552 406 2611 amicorum
440 2551 470 2608 in
501 2551 594 2609 maius
626 2549 761 2608 extollat:
798 2549 866 2607 inde
898 2550 985 2608 etiam
1015 2568 1115 2607 meum

114 2653 252 2711 meritum
272 2665 303 2710 ut
317 2669 384 2709 vera
402 2651 442 2708 ita
461 2668 548 2726 supra
562 2651 698 2707 meritum
713 2649 927 2724 praedicatione
943 2648 1114 2708 circumfert.

112 2751 271 2828 Equidem,
287 2768 354 2808 cum
374 2758 470 2808 essent
489 2747 656 2825 philosophi
676 2749 713 2806 ab
731 2749 802 2805 urbe
821 2747 967 2818 summoti,
982 2746 1022 2804 lui
1037 2748 1115 2823 apud

12 2869 13 2874 ¹
85 2850 198 2927 5illum
218 2850 248 2907 in
269 2849 445 2918 suburbano,
464 2857 492 2905 et
513 2865 571 2923 quo
593 2845 757 2917 notabilius
776 2845 832 2904 hoc
854 2855 897 2904 est
918 2844 1115 2922 periculosius

111 2959 202 3019 esset,
224 2947 264 3006 sui
284 2958 407 3023 praetor.
449 2945 608 3004 Pecuniam
629 2947 725 3016 etiam,
746 2963 805 3020 qua
825 2953 894 3002 tunc
914 2943 953 3002 illi
975 2944 1116 3021 ampliore

110 3067 192 3124 opus
214 3055 282 3116 erat,
304 3055 335 3104 ut
362 3063 411 3102 aes
440 3045 565 3102 alienum
594 3044 755 3102 exsolveret
783 3053 964 3100 contractum
988 3058 1024 3102 ex
1052 3043 1114 3120 pul·

110 3147 267 3206 cherrimis
281 3145 384 3215 causis,
398 3144 593 3202 mussantibus
613 3143 729 3218 magnis
748 3141 922 3218 quibusdam
941 3151 970 3200 et
987 3141 1115 3216 locuple-

110 3249 194 3306 tibus
209 3245 309 3304 amicis
323 3253 468 3302 mutuatus
481 3244 544 3318 ipse
564 3243 718 3318 gratuitam
733 3240 808 3299 dedi.
850 3240 947 3316 Atque
962 3239 1034 3298 haec
1049 3238 1114 3311 feci,

69 3363 186 3412 mcum
213 3354 327 3420 septem
355 3343 455 3400 amicis
482 3341 555 3399 meis
580 3348 630 3397 aut
650 3340 754 3398 occisis
776 3347 824 3395 aut
847 3338 989 3412 relegatis,
1010 3337 1114 3396 occisis

111 3441 418 3504 SenecioueRustico
437 3439 582 3508 Helvidio,
598 3438 731 3513 relegatis
751 3437 883 3495 Maurico
899 3435 1019 3494 Gratilla
1033 3434 1115 3494 Arria

109 3543 238 3612 Fannia,
257 3551 299 3601 tot
319 3539 396 3598 circa
417 3557 463 3598 me
483 3538 565 3596 iactis
585 3537 751 3595 fulminibus
773 3537 855 3613 quasi
874 3535 1023 3594 ambustus
1044 3533 1115 3594 mihi

109 3659 237 3721 quoque
269 3639 428 3717 inpendere
456 3638 534 3696 idem
564 3620 687 3698 exitium
715 3637 799 3697 certis
832 3629 1007 3711 quibusdam
1037 3633 1114 3692 notis
