2636 3980
194 173 233 238 28
461 187 484 236 A
509 187 706 237 snrxcrron
724 188 828 237 rxoM
849 188 920 236 rrm

190 347 352 424 longinqua
387 346 539 424 aspergine
573 347 661 406 maris
689 346 831 410 inarescit.
881 347 1004 409 Adiacet
1037 346 1192 424 gestationi
1205 360 1238 426 ⁶5

191 447 326 505 interiore
347 446 496 504 circumitu
510 446 594 504 vinea
615 456 715 505 tenera
736 456 765 505 et
785 448 924 506 umbrosa
943 447 1086 524 nudisque
1103 446 1192 506 etiam

142 558 145 563 ’
191 547 316 622 pedibus
343 545 439 605 mollis
467 555 496 604 et
524 547 642 604 cedens.
696 545 825 604 Hortum
853 565 953 606 morus
981 558 1009 607 et
1036 548 1108 607 ficus
1135 546 1191 607 fre-

190 663 283 721 quens
304 643 395 714 vestit,
419 662 540 720 quarum
565 645 701 701 arborum
724 644 771 702 illa
792 644 837 703 vel
860 645 988 704 maxime
1011 646 1090 705 ferax
1116 656 1191 705 terra

188 753 242 814 est,
258 741 411 818 malignior
425 743 534 800 ceteris.
576 743 644 801 Hac
663 760 724 800 non
744 742 884 802 deteriore
904 763 993 820 quam
1012 746 1099 802 maris
1116 743 1189 804 facie

189 843 302 901 cenatio
330 851 441 900 remota
469 860 486 901 a
513 842 585 900 mari
610 842 727 901 fruitur:
757 843 878 918 cingitur
903 843 1004 902 diaetis
1034 843 1145 902 duabus
1170 862 1236 915 ayo

189 951 280 1017 tergo,
300 959 421 1017 quarum
442 941 574 998 fenestris
597 940 726 1000 subiacet
743 941 915 998 vestibulum
934 941 1016 999 villae
1039 951 1068 1000 et
1088 941 1188 1000 hortus

192 1040 265 1098 alius
279 1041 395 1117 pinguis
415 1049 444 1098 et
458 1040 587 1099 rusticus.
631 1037 710 1097 Hinc
730 1041 960 1116 cryptoporticus
975 1058 1067 1117 prope
1080 1041 1189 1116 publici

188 1140 284 1216 operis
309 1140 476 1198 extenditur.
518 1137 672 1213 Utrimque
696 1137 846 1211 fenestrae,
871 1157 889 1197 a
916 1139 988 1197 mari
1015 1137 1120 1214 plures,
1149 1140 1187 1198 ab

188 1237 272 1298 horto
295 1237 432 1314 singulae,
456 1238 508 1297 sed
533 1238 649 1296 alternis
670 1237 830 1312 pauciores.
873 1237 949 1309 Hae,
975 1255 1043 1296 cum
1068 1255 1186 1298 serenus

189 1335 249 1394 dies
270 1347 299 1395 et
319 1338 456 1409 inmotus,
472 1355 585 1408 omnes,
602 1354 669 1394 cum
692 1335 759 1395 binc
773 1335 817 1394 vel
837 1336 905 1394 inde
920 1335 1012 1394 ventis
1031 1336 1185 1412 inquietus,
1201 1352 1231 1405 75

188 1452 246 1510 qua
260 1436 336 1493 venti
356 1436 515 1512 quiescunt,
539 1436 601 1494 sine
622 1435 724 1493 iniuria
745 1443 852 1512 patent.
895 1433 973 1492 Ante
994 1435 1186 1512 cryptoporti-

188 1551 255 1591 cum
277 1542 376 1609 xystus
390 1534 471 1593 violis
489 1533 642 1596 odoratus:
668 1542 800 1608 teporem
820 1533 889 1592 solis
905 1533 995 1592 infusi
1014 1551 1185 1610 repercussu

188 1633 418 1708 cryptoporticus
446 1641 540 1708 auget,
564 1649 639 1707 quae
666 1640 697 1689 ut
721 1641 799 1690 tenet
824 1633 926 1703 solem,
951 1632 992 1690 sic
1017 1631 1186 1708 aquilonem

187 1729 297 1788 inhibet
333 1741 561 1807 summovetque,
596 1739 794 1806 quantumque
829 1729 931 1789 caloris
970 1739 1036 1789 ante
1072 1740 1184 1789 tantum

185 1838 263 1887 retro
278 1828 399 1905 frigoris.
442 1827 575 1886 Similiter
591 1827 712 1886 africum
731 1827 803 1886 sistit
817 1839 904 1905 atque
918 1829 957 1887 ita
972 1828 1184 1887 diversissimos
1198 1835 1231 1885 80

186 1938 289 1986 ventos
312 1928 399 1986 alium
424 1927 480 1986 alio
504 1928 592 1986 latere
616 1926 721 2001 frangit
749 1936 777 1984 et
801 1926 872 1985 finit.
914 1926 998 1986 Haec
1021 1927 1185 1986 iucunditas

186 2027 247 2086 eius
274 2027 378 2099 hieme,
403 2028 496 2085 maior
519 2035 634 2086 aestate.
678 2024 757 2083 Nam
785 2036 852 2084 ante
879 2027 1030 2086 meridiem
1057 2037 1183 2104 xystum,

185 2135 253 2201 post
272 2126 421 2184 meridiem
438 2126 607 2202 gestationis
622 2124 755 2199 hortique
772 2123 937 2201 proximam
952 2135 1062 2201 partem
1078 2127 1183 2184 umbra

186 2242 240 2284 sua
260 2233 409 2299 temperat,
429 2242 512 2299 quae,
530 2233 562 2282 ut
583 2222 644 2281 dies
666 2224 753 2282 crevit
773 2222 940 2294 decrevitve,
957 2225 1048 2283 modo
1069 2225 1183 2284 brevior

184 2320 276 2382 modo
298 2322 414 2397 longior
433 2321 489 2380 hac
509 2322 554 2380 vel
574 2322 622 2380 illa
644 2321 730 2380 cadit.
773 2321 843 2398 Ipsa
862 2340 930 2380 vero
951 2324 1182 2399 cryptoporticus
1195 2327 1228 2390 85

184 2430 247 2479 tum
270 2421 396 2478 maxime
425 2431 502 2479 caret
531 2421 600 2492 sole,
630 2438 697 2480 cum
725 2420 944 2480 ardentissimus
973 2421 1092 2480 culmini
1119 2423 1181 2481 eius

184 2521 294 2579 insistit.
350 2520 399 2579 Ad
432 2519 490 2579 hoe
530 2520 694 2596 patentibus
734 2517 866 2578 fenestris
904 2518 1035 2580 favonios
1077 2520 1182 2597 accipit

184 2619 405 2695 transmittitque
428 2637 482 2677 nec
506 2637 647 2694 umquam
669 2623 735 2675 ae're
759 2617 845 2692 pigro
873 2625 901 2676 et
923 2627 1060 2676 manente
1085 2619 1180 2694 ingra-

183 2717 280 2776 vescit.
333 2717 369 2775 In
404 2719 499 2795 capite
534 2717 608 2793 xysti
644 2715 782 2794 deinceps
815 2711 1057 2797 [cryptoporticus
1091 2713 1180 2798 horti]

184 2816 278 2874 diaeta
297 2824 348 2887 est,
364 2833 478 2875 amores
493 2816 558 2888 mei,
573 2834 604 2876 re
618 2833 686 2873 vera
707 2831 839 2873 amores:
860 2815 923 2890 ipse
937 2816 1032 2892 posui.
1074 2814 1111 2874 In
1125 2816 1180 2876 hac
1194 2829 1228 2880 90

182 2914 390 2974 heliocaminus
409 2916 526 2991 quidem
547 2915 602 2973 alia
618 2923 743 2990 xystum,
759 2912 814 2972 alia
833 2932 921 2986 mare,
937 2923 1057 2990 utraque
1077 2915 1180 2988 solem,

182 3015 347 3074 cubiculum
375 3026 470 3076 autem
495 3016 582 3075 valvis
611 3015 866 3092 cryptoporticum,
891 3014 1017 3075 fenestra
1041 3017 1181 3093 prospicit

181 3132 266 3172 mare.
312 3113 422 3172 Contra
436 3116 574 3191 parietem
589 3113 719 3172 medium
738 3112 858 3171 zotheca
877 3131 1017 3189 perquam
1035 3113 1182 3191 eleganter

181 3213 297 3283 recedit,
313 3232 386 3290 quae
406 3213 602 3289 specularibus
621 3223 649 3272 et
663 3214 732 3272 velis
754 3211 887 3271 obductis
907 3213 1067 3272 reductisve
1087 3214 1180 3273 modo

181 3311 302 3371 adicitur
316 3311 457 3383 cubiculo,
472 3311 561 3370 modo
577 3311 709 3371 aufertur.
753 3310 876 3369 Lectum
891 3320 920 3368 et
934 3309 1007 3371 duas
1026 3310 1179 3372 cathedras
1193 3329 1226 3380 95

181 3410 276 3485 capit:
301 3429 318 3468 a
338 3408 461 3486 pedibus
483 3429 571 3482 mare,
593 3431 611 3470 a
631 3421 714 3487 tergo
735 3409 827 3480 villae,
849 3428 868 3467 a
888 3411 982 3485 capite
1004 3409 1110 3469 silvae:
1135 3420 1180 3471 tot

182 3507 270 3566 facies
297 3508 428 3567 locorum
461 3509 581 3568 totidem
606 3509 738 3569 fenestris
773 3518 802 3567 et
834 3507 984 3586 distinguit
1011 3519 1040 3567 et
1066 3510 1179 3572 miscet.

184 3604 319 3664 Iunctum
340 3615 384 3666 est
404 3607 568 3666 cubiculum
592 3609 687 3669 noctis
709 3616 737 3666 et
758 3608 862 3667 somni.
905 3608 977 3668 Non
1001 3607 1070 3667 illud
1090 3625 1179 3670 voces
