2636 3980
173 185 330 236 LETTERS
353 189 397 236 OF
419 189 447 238 Ο.
464 187 612 236 PLINIUS
635 189 822 237 CAECILIUS
843 189 1034 237 SECUNDUS.
1081 190 1119 257 77

122 359 151 407 et
175 349 300 407 maiores
322 359 410 408 erant.
453 348 533 407 Tum
554 369 620 410 vero
645 350 722 410 idem
747 351 794 409 ille
818 369 855 410 ex
880 350 1026 427 Hispania
1048 349 1119 407 ami-

121 464 173 505 cus
195 448 289 506 acrius
308 458 337 506 et
354 450 508 508 instantius
530 451 572 508 ‘si
594 449 696 509 frater'
717 450 810 527 inquit
836 455 927 522 ‘tuus,
949 460 1015 508 tuus
1032 467 1120 507 avun-

121 546 203 605 culus
225 547 300 617 vivit,
323 548 383 606 vult
406 567 469 608 esse
492 567 545 608 vos
570 550 682 622 salv0s3
715 551 738 608 si
761 550 852 626 periit,
877 550 1044 627 superstites
1069 567 1120 606 vo-

120 645 180 704 luit.
222 644 348 704 Proinde
377 648 447 724 quid
472 649 589 707 cessatis
618 647 771 707 evaderei’
815 648 1034 725 Respondimus
1059 663 1120 704 non

79 766 113 814 40
122 744 331 806 commissuros
358 765 414 805 nos
436 756 468 805 ut
491 747 527 805 de
556 748 647 807 salute
674 748 749 806 illius
777 749 876 806 incerti
905 758 1021 806 nostrae
1049 761 1120 802 con·

123 842 291 902 suleremus.
334 842 405 903 Non
425 855 554 904 moratus
573 846 646 905 ultra
667 847 787 923 proripit
809 866 840 905 se
862 847 1013 922 effusoque
1035 860 1120 901 cursu

122 941 251 1017 periculo
276 942 407 1001 aufertur.
459 943 524 1002 Nec
551 945 644 1003 multo
669 945 806 1021 postilla
830 946 922 1005 nubes
944 942 1121 1004 descendere

122 1042 152 1097 in
173 1050 272 1113 terrae,
295 1043 407 1117 operire
428 1043 534 1102 maria:
567 1044 697 1102 cinxerat
719 1042 847 1119 Capreas
866 1054 895 1101 et
918 1043 1120 1110 absconderat,

123 1138 230 1198 Miseni
255 1140 335 1216 quod
359 1143 500 1217 procurrit
521 1142 682 1200 abstulerat.
727 1141 806 1200 Tum
829 1152 920 1201 mater
942 1160 1031 1212 orare,
1053 1141 1120 1198 hor·

80 1251 112 1298 45
122 1238 183 1308 tari,
208 1238 306 1297 iubere
331 1258 449 1316 quoquo
474 1241 564 1300 modo
585 1240 731 1316 fugerem;
764 1259 852 1316 posse
877 1242 955 1299 enim
978 1241 1120 1309 iuvenem,

123 1354 154 1394 se
182 1347 211 1395 et
238 1338 321 1395 annis
350 1346 378 1396 et
406 1356 527 1414 corpore
551 1357 669 1415 gravem
693 1341 769 1398 bene
797 1341 972 1410 morituram,
998 1339 1023 1397 si
1050 1338 1121 1394 mihi

123 1454 211 1494 causa
238 1438 339 1495 mortis
368 1455 429 1497 non
456 1438 564 1498 fuisset.
617 1439 683 1515 Ego
712 1449 821 1511 contra,
851 1440 961 1498 salvum
989 1456 1037 1496 me
1065 1437 1120 1494 nisi

122 1551 182 1590 una
217 1553 278 1594 non
306 1535 450 1596 futurum:
492 1538 559 1595 dein
587 1555 707 1596 manum
741 1539 802 1597 eius
835 1538 986 1613 amplexus
1015 1536 1121 1594 addere

122 1632 246 1706 gradum
268 1652 354 1710 cogo.
397 1635 482 1694 Paret
501 1654 587 1712 aegre
607 1637 777 1714 incusatque
799 1656 837 1708 se,
858 1637 938 1712 quod
959 1654 1007 1692 me
1027 1651 1121 1691 more-

83 1741 175 1788 50tur.
218 1731 282 1790 Iam
301 1734 380 1805 ciniS,
396 1733 490 1792 adhuc
511 1744 609 1792 tamen
629 1753 726 1794 rarus:
751 1736 889 1811 respicio,
916 1736 1007 1794 densa
1026 1733 1121 1806 caiigo

122 1830 211 1904 tergis
239 1831 415 1903 imminebat,
444 1851 518 1908 quae
546 1851 601 1892 nos
629 1835 762 1892 torrentis
790 1834 881 1893 modo
907 1833 1001 1891 intusa
1029 1841 1121 1889 terrae

123 1927 302 2005 sequebatur.
356 1929 583 1990 ‘Deflectamus'
609 1932 736 2008 inquam,
763 1932 851 1991 ‘dum
876 1932 1065 1991 videmusne
1090 1930 1121 1986 in

123 2029 169 2086 via
194 2029 274 2086 strati
302 2029 502 2087 comitantium
526 2031 610 2088 turba
633 2031 664 2087 in
689 2031 814 2089 tenebris
837 2029 1019 2089 obteramur!
1062 2028 1121 2086 Vix

123 2129 351 2199 consideramus,
377 2137 406 2186 et
433 2145 502 2198 nox,
527 2146 588 2186 non
613 2129 705 2206 qualis
731 2129 837 2188 inlunis
865 2140 913 2188 aut
941 2129 1047 2200 nubila,
1070 2127 1122 2186 sed

83 2254 113 2304 55
124 2227 215 2303 qualis
243 2227 273 2283 in
300 2225 372 2284 locis
400 2227 503 2285 clausis
531 2228 639 2285 lumine
663 2228 800 2286 extincto.
850 2228 973 2287 Audires
998 2228 1122 2286 ululatus

123 2325 303 2397 feminarum,
323 2325 466 2384 infantum
487 2327 646 2402 quiritatus,
668 2327 810 2386 clamores
831 2327 973 2385 virorum:
1004 2327 1050 2385 alii
1070 2345 1121 2401 pa-

122 2433 226 2495 rentes,
250 2423 296 2481 alii
320 2423 432 2494 liberos,
455 2423 501 2481 alii
526 2425 667 2500 coniuges
688 2426 807 2483 vocibus
830 2427 1022 2500 requirebant,
1044 2425 1121 2482 voci-

122 2526 177 2583 bus
201 2524 401 2583 noscitabant:
436 2522 466 2579 hi
495 2542 579 2582 suurn
608 2542 716 2593 casum,
741 2523 779 2580 illi
802 2543 920 2582 suorum
945 2525 1121 2582 miseraban-

123 2634 187 2683 tur:
218 2634 299 2682 erant
322 2623 371 2699 qui
392 2632 472 2682 metu
492 2624 592 2682 mortis
612 2632 737 2682 mortem
756 2633 954 2700 precarentur:
980 2623 1062 2680 multi
1084 2623 1122 2680 ad

82 2723 195 2783 oodeos
218 2740 323 2782 manus
343 2721 450 2793 tollere,
472 2721 570 2797 plures
590 2740 736 2798 nusquam
756 2723 816 2780 iam
840 2722 911 2781 deos
932 2722 1007 2781 ullos
1031 2733 1122 2780 aeter-

122 2839 252 2898 namque
278 2821 355 2879 illam
389 2830 418 2878 et
453 2821 640 2880 novissimam
669 2833 787 2881 noctem
815 2821 925 2880 mundo
953 2822 1122 2896 interpreta-

122 2923 235 2979 bantur.
292 2919 358 2978 Nec
394 2918 545 2978 defuerunt
578 2921 627 2995 qui
654 2920 728 2979 fictis
755 2920 938 2995 mentitisque
966 2920 1121 2978 terroribus

122 3038 191 3077 vera
214 3019 341 3094 pericula
369 3027 516 3093 augerent.
566 3018 698 3077 Aderant
725 3020 774 3096 qui
800 3018 906 3077 Miseni
929 3019 998 3077 illud
1023 3019 1121 3089 ruisse,

121 3117 192 3178 illud
213 3118 313 3176 ardere
336 3115 416 3188 falso,
439 3117 491 3175 sed
510 3117 692 3176 credentibus
713 3119 892 3176 nuntiabant.
935 3117 1055 3176 Paulum
1077 3135 1122 3175 re-

84 3224 112 3286 65
122 3217 202 3288 luxit,
226 3216 306 3293 quod
327 3233 388 3274 non
410 3216 470 3274 dies
493 3217 587 3288 nobis,
609 3216 662 3276 sed
684 3216 865 3276 adventantis
886 3218 961 3294 ignis
982 3216 1121 3274 indicium

122 3315 280 3374 videbatur.
336 3314 374 3373 Et
408 3315 484 3392 ignis
519 3315 637 3391 quidem
672 3315 789 3392 longius
824 3318 955 3388 substitit,
984 3315 1121 3373 tenebrae

123 3431 230 3484 rursus,
246 3412 319 3472 cinis
339 3431 437 3472 rursus
457 3413 564 3473 multus
585 3423 614 3472 et
634 3414 738 3490 gravis.
781 3414 871 3473 Hunc
892 3414 1048 3474 identidem
1070 3413 1122 3470 ad-

123 3522 276 3590 surgentes
300 3512 534 3584 excutiebamus;
567 3514 661 3590 operti
684 3513 791 3591 alioqui
817 3523 903 3589 atque
928 3513 1014 3570 etiam
1037 3511 1122 3570 oblisi

124 3611 255 3688 pondere
270 3629 409 3670 essemus.
451 3610 572 3672 Possem
590 3612 705 3689 gloriari
724 3631 785 3672 non
806 3611 946 3688 gemitum
966 3610 1045 3683 mihi,
1060 3627 1122 3670 non
