2636 3980
465 182 487 230 A
513 181 709 230 SELECTION
728 181 831 228 FROM
855 181 923 228 THE

518 395 573 450 40.
615 389 745 470 (BOOK
767 410 793 463 4.
820 387 878 468 17.)

225 523 297 587 Pliny
308 522 428 588 willingly
441 521 589 572 undertakes
605 521 647 570 the
664 537 719 570 case
736 520 765 569 of
773 518 902 583 Corellius’
915 519 1044 583 daughter,
1058 519 1156 583 though
1171 519 1195 567 in

191 607 268 670 doing
284 623 312 654 so
328 606 359 656 he
376 605 428 654 will
444 605 507 654 have
521 612 548 654 to
566 611 605 653 act
622 604 719 667 against
737 603 839 652 another
856 603 941 652 friend.
985 603 1053 652 That
1070 602 1194 664 objection

190 689 304 737 however
318 687 432 736 vanishes
442 687 512 736 when
529 687 560 735 he
577 687 724 735 remembers
735 685 774 735 his
788 685 906 734 relations
922 686 984 734 with
1000 684 1129 743 Corellius,
1146 684 1195 732 and

123 827 126 834 p
190 773 248 821 how
260 771 302 820 the
313 770 386 820 latter
398 768 560 819 commended
570 768 623 817 him
635 775 662 816 to
674 768 712 816 his
724 767 847 832 daughter
858 785 886 817 as
897 768 941 816 her
952 774 1085 832 protector.

435 906 460 946 C.
482 904 595 945 PLINIUS
616 904 710 944 ASINIO
732 905 828 946 GALLO
851 906 904 946 SUO
926 905 948 945 S.

231 1017 270 1077 Et
284 1017 426 1077 admones
441 1028 469 1076 et
482 1035 570 1092 rogas
584 1026 616 1075 ut
631 1017 786 1092 suscipiam
801 1036 919 1077 causam
932 1018 1073 1077 Corelliae
1088 1018 1192 1076 absen-

190 1116 226 1175 tis
248 1126 350 1174 contra
371 1115 404 1175 C.
421 1115 589 1181 Caecilium,
609 1115 760 1173 consulem
781 1115 973 1193 designatum.
1028 1115 1117 1187 Quod
1141 1114 1191 1173 ad-

190 1233 303 1286 mones,
322 1215 428 1291 gratias
450 1233 523 1292 ago;
554 1213 634 1290 quod
655 1232 750 1289 rogas,
773 1232 886 1291 queror.
930 1213 1091 1273 Admoneri
1113 1213 1193 1270 enirn

191 1315 293 1386 debeo,
308 1324 340 1372 ut
355 1314 453 1384 sciam,
467 1313 561 1388 rogari
581 1329 642 1370 non
656 1312 760 1383 debeo,
775 1321 807 1369 ut
826 1311 931 1371 faciam
949 1312 1030 1388 quod
1044 1310 1114 1370 mihi
1130 1328 1192 1369 non

189 1412 284 1474 facere
305 1413 503 1487 turpissimum
525 1421 576 1470 est.
622 1410 671 1468 An
692 1428 748 1486 ego
772 1411 843 1468 tueri
867 1411 973 1471 Corelli
995 1409 1216 1488 filiam-dubi&
1305 1403 1306 1422 ¹

189 1511 268 1568 tem?
310 1509 363 1568 Est
377 1510 495 1586 quidem
512 1508 582 1566 mihi
604 1527 670 1566 cum
691 1508 746 1566 isto
769 1519 869 1568 contra
889 1528 977 1585 quem
996 1527 1044 1568 me
1064 1509 1191 1568 advocas

189 1624 250 1664 non
279 1607 365 1683 plane
401 1607 554 1678 familiaris,
582 1606 636 1664 sed
669 1614 768 1663 tamen
796 1607 928 1665 amicitia.
984 1607 1106 1664 Accedit
1133 1606 1191 1666 huc

190 1705 316 1780 dignitas
340 1704 466 1764 hominis
491 1715 577 1780 atque
602 1704 648 1762 hic
671 1705 733 1781 ipse
757 1706 803 1762 cui
828 1706 987 1764 destinatus
1012 1716 1056 1764 est
1078 1705 1192 1783 honor3

189 1805 270 1862 cuius
291 1805 377 1862 nobis
398 1805 455 1862 hoc
476 1805 568 1862 maior
590 1803 705 1879 agenda
725 1804 882 1862 reverentia
896 1815 947 1876 est,
964 1803 1044 1880 quod
1062 1805 1121 1862 iam
1142 1805 1192 1863 illo

188 1902 278 1962 functi
299 1921 407 1962 sumus.
450 1902 588 1961 Naturale
610 1912 653 1960 est
675 1902 753 1959 enim
774 1912 806 1960 ut
827 1921 862 1960 ea
883 1921 958 1979 quae
980 1903 1044 1979 quis
1068 1902 1191 1979 adeptus
1205 1924 1235 1958 ιο

188 2012 231 2061 est
252 2003 314 2078 ipse
336 2021 424 2078 quam
446 2003 624 2078 amplissima
645 2001 799 2060 existimari
820 2001 894 2060 velit.
938 2001 996 2060 Sed
1020 2001 1090 2059 mihi
1112 2005 1193 2079 cogi.

187 2102 259 2160 tanti
274 2100 438 2160 adfuturum
453 2120 500 2158 me
521 2099 627 2159 Corelli
648 2101 721 2158 filiae
742 2101 841 2158 omnia
860 2101 914 2159 ista
934 2100 1037 2176 frigida
1052 2111 1080 2159 et
1094 2103 1193 2164 inania

187 2201 327 2259 videntur.
369 2201 546 2260 Obversatur
574 2199 664 2258 oculis
693 2198 739 2256 ille
766 2199 816 2270 vir,
845 2218 905 2276 quo
934 2201 1082 2258 neminem
1111 2215 1192 2264 aetas

187 2308 287 2356 nostra
307 2299 469 2374 graviorem
491 2298 666 2356 sanctiorem
690 2298 867 2356 subtiliorem
890 2299 960 2358 tulit.
1011 2299 1110 2371 Quem
1132 2319 1191 2377 ego

185 2416 253 2455 cum
268 2417 304 2456 ex
319 2397 508 2456 admiratione
528 2397 644 2472 diligere
664 2397 835 2473 coepissem,
856 2398 936 2474 quod
954 2399 1067 2456 evenire
1089 2410 1193 2458 contra
1205 2422 1234 2471 15

187 2495 269 2562 solet,
299 2497 391 2573 magis
426 2495 582 2554 admiratus
618 2513 692 2566 sum,
721 2505 878 2571 postquam
912 2497 1029 2572 penitus
1064 2497 1189 2574 inspexi.

187 2593 306 2671 Inspexi
321 2596 399 2654 enim
414 2594 545 2670 penitus:
571 2592 641 2650 nihil
655 2613 672 2651 a
686 2611 734 2650 me
748 2593 794 2650 ille
810 2603 961 2664 secretum,
976 2612 1037 2652 non
1052 2594 1188 2668 ioculare,

186 2711 248 2751 non
270 2695 385 2766 serium,
400 2710 461 2752 non
482 2693 570 2762 triste,
590 2710 651 2750 non
672 2693 789 2751 laetum.
833 2694 1075 2754 Adulescentulus
1097 2714 1190 2767 eram,

186 2801 214 2848 et
228 2792 286 2849 iani
300 2792 370 2849 mihi
390 2791 489 2851 abillo
509 2789 604 2849 honor
621 2801 708 2867 atque
728 2793 822 2865 etiam,
838 2793 952 2854 audebo
975 2795 1078 2866 dicere,
1093 2815 1191 2854 rever·

186 2890 262 2947 entia
276 2898 307 2947 ut
321 2891 433 2966 aequali
448 2890 614 2948 habebatur.
658 2890 710 2948 Ille
725 2909 807 2950 meus
826 2893 857 2949 in
871 2893 1011 2968 petendis
1025 2892 1189 2953 honoribus
1203 2925 1236 2958 20

185 2989 357 3064 suffragator
384 2999 412 3047 et
440 2990 527 3062 testis,
548 2989 595 3047 ille
617 2989 648 3048 in
668 2989 842 3048 inchoandis
864 2992 1005 3052 deductor
1026 3005 1054 3054 et
1076 3012 1188 3068 comeS,

183 3088 230 3147 ille
244 3089 275 3146 in
293 3089 428 3164 gerendis
449 3090 614 3148 consiliator
635 3098 664 3148 et
682 3100 784 3163 rector,
799 3091 845 3149 ille
863 3085 1033 3169 deniquein
1048 3095 1188 3154 omnibus

184 3189 284 3247 officiis
312 3189 424 3261 nostris,
453 3207 630 3266 quamquam
665 3199 694 3248 et
727 3189 876 3250 inbecillus
912 3202 940 3250 et
967 3195 1072 3263 senior,
1102 3195 1188 3269 quasi

183 3289 294 3347 iuvenis
322 3298 351 3346 et
378 3288 489 3347 validus
524 3289 763 3364 conspiciebatur.
821 3289 973 3362 Quantum
1007 3292 1052 3350 ille
1087 3292 1187 3351 famae

183 3405 266 3445 meae
295 3387 383 3458 domi,
412 3388 443 3444 in
470 3389 596 3463 publico,
624 3397 766 3463 quantum
794 3387 880 3448 etiarn
915 3389 994 3466 apud
1022 3391 1187 3468 principem
1201 3413 1232 3462 ²⁵

184 3485 339 3544 adstruxit!
375 3485 453 3543 Nam
468 3504 534 3543 cum
550 3487 622 3544 sorte
638 3486 674 3544 de
693 3487 778 3545 bonis
792 3488 943 3546 iuvenibus
962 3489 1040 3564 apud
1055 3487 1187 3548 Nervam

182 3584 386 3658 imperatorem
402 3602 497 3642 sermo
512 3584 659 3643 incidisset
673 3593 702 3642 et
715 3585 844 3662 plerique
859 3606 906 3646 me
921 3587 1053 3646 laudibus
1068 3587 1186 3661 ferrent,
