2636 3980
181 171 339 221 LETTERS
363 173 407 222 OF
429 173 621 224 apaturos
644 172 1041 225 caecatus-SEOUNDUS.
1089 181 1127 244 19

129 341 253 410 surgere,
276 335 321 392 eui
346 335 413 395 loco
442 335 545 394 cedere
573 353 678 394 omnes
705 344 861 412 oporteret,
883 325 962 394 hunc
991 336 1128 395 omnibus

130 433 295 492 sedentibus
313 445 405 507 stare3
435 443 463 492 et
482 434 532 510 qui
553 434 650 493 iubere
669 444 770 511 posset
788 444 883 492 tacere
903 452 1128 510 quemcumque,

89 529 195 590 rohuic
223 531 368 590 silentium
397 533 548 610 clepsydra
573 533 680 606 indici;
716 542 745 591 et
776 550 863 608 quern
894 532 1020 592 interfari
1046 534 1128 594 nefas

129 639 212 700 esset,
236 629 315 690 hunc
340 633 427 690 etiam
455 633 587 692 convicia
615 633 723 704 audire,
748 642 777 690 et
804 632 828 690 si
856 632 948 690 inulta
974 642 1128 709 pateretur,

128 730 256 804 inertem,
276 732 299 790 si
316 732 509 804 ulcisceretur,
527 734 701 792 insolentem
716 732 813 791 videri.
854 731 925 792 Erat
945 733 992 802 hic
1010 751 1127 810 quoque

129 839 224 888 aestus
241 840 307 889 ante
329 830 439 904 oculos,
454 833 479 891 si
498 832 571 892 forte
589 851 638 890 me
658 831 832 909 appellasset
846 831 891 890 vel
909 832 956 890 ille
977 833 1023 890 cui
1044 833 1127 892 ades-

129 946 190 986 sem
208 929 253 986 vel
274 929 320 989 ille
341 949 428 1006 quem
450 941 558 1003 contra,
578 931 786 990 intercederem
807 942 836 989 et
857 931 995 990 auxilium
1012 930 1127 1001 ferrern,

87 1037 115 1088 15
129 1044 167 1083 an
190 1027 371 1104 quiescerem
394 1028 565 1106 sileremque
590 1039 619 1088 et
641 1029 724 1105 quasi
749 1029 857 1088 eiurato
880 1031 1049 1105 magistratu
1071 1029 1128 1105 pri·

128 1134 224 1184 vatum
247 1127 310 1204 ipse
332 1145 380 1186 me
402 1128 537 1187 facerem.
580 1127 639 1186 His
663 1129 822 1187 rationibus
845 1137 942 1186 motus
967 1128 1054 1186 malui
1079 1146 1127 1186 me

128 1225 273 1283 tribunum
295 1227 432 1285 omnibus
453 1227 598 1298 exhibere,
613 1245 702 1303 quam
719 1227 820 1304 paucis
841 1227 1023 1288 advocatum,
1068 1225 1126 1284 Sed

127 1332 167 1393 tu,
188 1324 292 1382 iterum
317 1325 421 1395 dicam,
443 1325 599 1402 plurimum
621 1326 746 1396 interest,
769 1323 840 1401 quid
862 1343 926 1384 esse
949 1325 1127 1386 tribunatum

127 1431 219 1498 putes,
243 1441 330 1498 quam
355 1441 513 1499 personam
537 1423 588 1483 tibi
605 1424 739 1500 inponas,
762 1439 838 1501 qua'e
861 1423 984 1501 sapienti
1005 1423 1065 1481 viro
1089 1421 1129 1480 ita

84 1521 254 1597 coaptanda
275 1530 326 1593 est,
346 1531 378 1580 ut
399 1521 565 1599 perferatur.
606 1522 690 1581 Vale.

459 1680 508 1734 re.
551 1672 679 1753 (BOOK
702 1692 728 1732 2.
754 1671 792 1754 1.)
860 1661 892 1742 {r

300 1795 324 1843 A
335 1793 421 1844 sketch
433 1794 462 1844 of
470 1795 512 1845 the
524 1794 567 1845 lise
578 1795 628 1844 and
639 1795 765 1844 character
776 1794 805 1844 of
813 1795 951 1860 Verginius,

418 1916 443 1957 C.
465 1916 577 1957 PLINIUS
599 1917 721 1958 ROMANO
743 1917 796 1958 SUO
815 1917 840 1958 S.
888 1937 890 1940 .

168 2013 238 2072 Post
269 2011 379 2089 aliquot
413 2031 508 2073 annos
543 2013 657 2090 insigne
692 2021 779 2089 atque
814 2013 901 2071 etiam
935 2012 1124 2072 memorabile

127 2111 228 2188 populi
248 2111 377 2170 Romani
398 2113 489 2172 oculis
508 2111 706 2189 spectaculum
725 2111 855 2170 exhibuit
873 2111 1022 2188 publicum
1039 2111 1126 2171 funus

127 2209 248 2286 Vergini
278 2209 356 2283 Rufi,
384 2211 503 2270 maximi
532 2220 561 2269 et
590 2209 740 2269 clarissimi
769 2209 846 2281 civis,
876 2211 996 2287 perinde
1025 2210 1125 2271 felicis.

127 2309 261 2385 Triginta
283 2311 366 2369 annis
390 2311 498 2386 gloriae
522 2329 591 2369 suae
616 2310 788 2386 supervixit:
817 2308 886 2386 legit
908 2310 1012 2388 scripta
1033 2310 1069 2368 de
1095 2329 1127 2370 se

96 2407 265 2478 scarmina,
289 2408 359 2486 legit
382 2407 515 2468 historias
538 2418 567 2466 et
594 2408 754 2485 posteritati
775 2425 846 2466 suae
869 2407 1003 2468 interluit.
1059 2407 1126 2466 Per-

125 2505 244 2564 functus
269 2517 313 2565 est
335 2508 418 2565 tertio
444 2507 604 2578 consulatu,
628 2517 659 2565 ut
684 2525 831 2565 summum
856 2505 1002 2581 fastigium
1024 2507 1127 2583 privati

126 2603 253 2662 hominis
274 2605 403 2680 inpleret,
424 2623 492 2663 cum
513 2605 650 2682 principis
671 2605 818 2664 noluisset.
861 2603 1001 2662 Caesares
1020 2605 1125 2679 quibus

127 2712 278 2777 suspectus
292 2711 379 2778 atque
398 2703 485 2762 etiam
499 2704 607 2762 invisus
621 2703 770 2761 virtutibus
790 2703 882 2762 fuerat
900 2703 998 2774 evasit,
1012 2703 1126 2780 reliquit

126 2800 305 2858 incolumem
324 2801 467 2878 optimum
489 2811 576 2878 atque
597 2802 810 2872 amicissimum,
826 2811 976 2876 tamquam
997 2801 1126 2860 adhunc

80 2922 112 2957 ιο
126 2898 224 2975 ipsum
244 2898 388 2958 honorem
409 2900 516 2976 publici
536 2899 644 2960 funeris
660 2910 826 2959 reservatus.
868 2900 989 2958 Annum
1010 2901 1125 2958 tertium

126 3007 156 3055 et
185 2999 419 3073 octogensimum
449 2999 572 3058 excessit
599 2999 630 3057 in
659 3000 797 3058 altissima
824 2997 1035 3075 tranquillitate,
1063 2999 1127 3074 pari

124 3096 320 3156 veneratione.
363 3097 443 3156 Usus
464 3108 508 3157 est
529 3097 611 3156 firma
625 3097 796 3168 valetudine,
816 3097 870 3156 nisi
891 3098 972 3172 quod
993 3097 1127 3158 solebant

125 3195 154 3253 ei
182 3211 287 3254 manus
313 3204 445 3268 tremere,
474 3196 543 3255 citra
571 3195 703 3254 dolorem
732 3205 838 3258 tamen.
882 3195 987 3259 Aditus
1012 3205 1125 3253 tantum

124 3293 229 3353 mortis
244 3295 342 3354 durior
355 3295 536 3371 longiorque,
552 3296 604 3354 sed
618 3293 665 3353 hic
679 3295 740 3370 ipse
755 3293 914 3352 laudabilis.
957 3291 1035 3352 Nam
1057 3310 1126 3350 cum

78 3412 107 3464 15
124 3410 231 3452 vocem
262 3403 445 3470 praepararet
476 3405 592 3453 acturus
620 3394 651 3450 in
679 3392 832 3451 consulatu
859 3391 981 3469 principi
1009 3391 1125 3466 gratiaS,

123 3490 206 3564 liber,
232 3510 320 3568 quern
346 3491 417 3552 forte
446 3502 597 3568 acceperat
624 3491 818 3568 grandiorem,
842 3500 871 3548 et
895 3490 957 3548 seni
981 3502 1009 3548 et
1037 3489 1125 3548 stanti

123 3591 191 3667 ipso
212 3591 342 3669 pondere
364 3589 479 3667 elapsus
501 3601 552 3651 est.
595 3590 685 3649 Hunc
709 3590 779 3649 dum
800 3589 928 3666 sequitur
950 3586 1125 3668 colligitque,

600 3708 648 3750 ca
