2636 3980
197 191 238 260 52
470 184 492 231 A
518 181 716 232 SELECTION
735 181 839 230 FROM
860 180 928 229 THE

197 343 367 407 manifestus
383 362 460 405 enor
473 344 592 414 videtur,
607 343 733 420 ideoque
747 351 819 421 puto
839 343 934 413 nobis,
949 343 1033 419 quasi
1051 341 1203 418 scripserit

200 447 316 517 Sabina,
332 444 496 503 laciendum
511 444 592 519 quod
605 443 670 519 ipsa
688 443 837 518 scripsisse
853 460 883 500 se
899 441 1027 499 credidit.
1070 440 1197 499 Confido

198 561 383 603 accessurum
411 553 439 600 te
468 541 625 600 sententiae
653 560 745 612 meae,
771 559 839 598 cum
863 541 1078 616 religiosissime
1103 536 1217 598 soleas'

199 643 344 724 custodire
373 640 578 700 defunctorum
599 639 787 712 voluntatem,
813 656 901 714 qnam
929 641 1014 698 bonis
1042 639 1196 696 heredibus
1208 655 1238 688 ¹0

198 742 371 801 intellexisse
396 758 450 817 pro
479 740 539 797 iure
567 748 618 798 est.
674 726 779 815 Neque
807 738 885 797 enim
911 739 1008 796 minus
1035 737 1113 814 apud
1141 755 1197 795 nos

198 841 337 900 honestas
362 857 451 916 quam
473 838 553 914 apud
572 837 644 896 alios
667 836 825 896 necessitas
847 836 928 897 valet.
971 836 1103 894 Moretur
1125 852 1196 910 ergo

196 941 228 998 in
256 940 385 998 libertate
415 937 576 996 sinentibus
601 937 695 1006 nobie,
722 935 829 994 fruatur
853 935 957 1011 legato,
987 935 1069 1010 quasi
1097 933 1197 993 omnia

198 1037 421 1115 diligentissime,
431 1035 544 1094 caverit.
587 1033 670 1092 Cavit
683 1035 761 1092 enim
776 1052 850 1110 quae
870 1033 991 1092 heredes
1010 1034 1086 1092 bene
1101 1032 1195 1109 elegit.

197 1137 279 1195 Vale.
1208 1147 1238 1195 Ι5

455 1297 568 1394 ,μα
613 1287 742 1369 (BOOK
764 1310 791 1362 4.
818 1288 875 1368 13.)

231 1423 302 1486 Pliny
319 1422 340 1470 is
358 1420 501 1485 promoting
519 1421 560 1468 the
579 1420 764 1470 establishment
782 1420 839 1470 oia
856 1420 943 1470 school
960 1427 985 1469 at
1003 1420 1124 1478 Comum;
1148 1419 1197 1468 and

197 1507 279 1554 writes
291 1513 317 1553 to
330 1504 375 1553 aslr
388 1503 492 1552 Tacitus
504 1509 531 1551 to
548 1502 608 1549 look
620 1510 665 1550 out
676 1503 714 1550 for
725 1519 825 1566 persons
836 1504 931 1568 willing
945 1503 993 1552 and
1005 1503 1061 1551 able
1073 1509 1099 1550 to
1111 1501 1197 1551 under·

196 1588 255 1637 take
267 1587 309 1636 the
325 1601 380 1635 care
392 1585 421 1634 os
428 1585 455 1644 it,
468 1585 533 1633 from
548 1599 640 1647 among
655 1585 738 1633 whom
754 1585 796 1634 the
811 1594 909 1651 parents
924 1586 954 1634 ol
967 1586 1008 1634 the
1020 1584 1128 1633 children
1139 1600 1197 1647 may

197 1670 288 1720 choose
299 1675 423 1718 amaster.
885 1685 888 1691 ·

494 1804 519 1844 C.
541 1804 652 1844 PLINIUS
673 1804 779 1847 Tncrro
802 1805 855 1847 SUO
876 1806 898 1846 S.

240 1921 357 1981 Salvum
384 1919 415 1977 in
442 1920 545 1977 urbem
569 1919 682 1977 venisse
707 1920 832 1996 gaudeo.
883 1919 997 1979 Venisti
1026 1930 1129 1990 autem,
1160 1919 1197 1978 si·

196 2022 314 2100 quando
330 2019 408 2090 alias,
423 2037 501 2076 nunc
516 2019 643 2076 maxime
662 2019 733 2078 mihi
754 2019 940 2079 desideratus.
983 2020 1051 2096 Ipse
1066 2019 1198 2095 pauculis

197 2119 291 2177 adhuc
326 2118 428 2175 diebus
462 2119 493 2174 in
524 2117 693 2176 Tusculano
723 2120 937 2189 commorabor,
965 2128 997 2176 ut
1025 2117 1199 2193 opusculum

198 2217 279 2294 quod
302 2225 345 2274 est
366 2216 397 2271 in
417 2215 552 2273 manibus
571 2215 730 2274 absolvam.
772 2215 885 2275 Vereor
903 2217 983 2275 enim
1005 2235 1051 2288 ne,
1073 2217 1096 2274 si
1121 2216 1199 2274 hanc

198 2315 389 2373 intentionem
409 2313 468 2371 iam
489 2313 519 2371 in
546 2312 603 2370 fine
627 2313 816 2385 intermisero,
839 2332 925 2392 aegre
952 2333 1106 2373 resumam.
1150 2313 1225 2374 In·5

198 2415 281 2473 terim
299 2431 335 2470 ne
356 2412 427 2488 quid
447 2411 623 2471 festinationi
643 2430 726 2472 meae
748 2422 854 2489 pereat,
871 2413 952 2490 quod
973 2432 1037 2471 surn
1059 2429 1200 2488 praesens

197 2513 337 2590 petiturus
359 2511 413 2570 hac
435 2511 517 2587 quasi
539 2511 739 2587 praecursoria
761 2511 884 2588 epistula
905 2529 988 2587 rogo.
1039 2510 1098 2569 Sed
1120 2510 1200 2586 prius

197 2613 298 2688 accipe
326 2628 428 2669 causas
452 2610 582 2686 rogandi.
635 2608 771 2668 Proxime
797 2629 865 2668 cum
889 2611 919 2667 in
944 2610 1037 2687 patria
1058 2628 1125 2667 mea
1149 2607 1201 2680 sui,

197 2711 275 2770 venit
300 2707 338 2767 ad
361 2727 409 2767 me
434 2708 617 2766 salutandum
639 2708 794 2784 municipis
819 2710 876 2767 mei
898 2709 973 2767 lilius
995 2716 1199 2786 praetextatus.

198 2809 278 2868 Huic
303 2825 360 2882 ego
386 2807 535 2866 ‘studesl’
567 2809 695 2883 inquam.
738 2807 903 2884 Respondit
925 2805 1049 2865 ‘etiam’
1092 2805 1200 2864 ‘Ubii'
1215 2827 1246 2862 ιο

197 2902 394 2966 ‘Mediolani'
437 2905 517 2966 ‘Cur
531 2924 592 2966 non
606 2905 685 2964 hicl’
711 2915 740 2964 et
762 2916 844 2982 pater
863 2906 926 2964 eius
947 2903 1021 2985 (erat
1041 2905 1120 2964 enim
1141 2923 1203 2964 una

197 3016 284 3082 atque
298 3005 386 3063 etiam
400 3005 462 3081 ipse
482 3004 640 3064 adduxerat
659 3001 803 3082 puerum),
827 3004 912 3080 ‘quia
932 3003 1027 3062 nullos
1048 3003 1095 3061 hic
1117 3022 1203 3080 prae-

197 3115 329 3181 ceptores
343 3102 503 3162 habemus!
547 3101 663 3176 ‘Quare
682 3102 799 3161 nullos?
825 3120 895 3160 nam
909 3102 1097 3160 vehementer
1112 3102 1202 3161 inter·
1306 3175 1307 3178 Ἴ

197 3215 257 3262 erat
278 3214 379 3275 vestra,
401 3203 450 3278 qui
471 3211 566 3277 patres
587 3199 673 3272 estiS,'
692 3211 720 3258 et
741 3210 904 3277 opportune
927 3201 1082 3276 conplures
1103 3211 1202 3277 patres
1306 3223 1307 3301 p

194 3303 357 3373 audiebant,
388 3301 511 3360 ‘liberos
539 3309 650 3358 vestros
677 3297 724 3355 hic
752 3299 937 3374 potissimum
966 3298 1086 3358 discere.
1140 3297 1201 3358 Ubi
1216 3313 1245 3364 15

195 3403 274 3459 enim
289 3410 338 3459 aut
351 3399 504 3458 iucundius
519 3407 708 3468 morarentur,
724 3415 813 3472 quarn
833 3397 864 3454 in
884 3397 984 3473 patria,
1002 3406 1051 3455 aut
1065 3397 1202 3473 pudicius

195 3500 419 3568 continerentur,
454 3515 542 3574 quam
578 3499 632 3556 sub
672 3495 763 3554 oculis
797 3506 959 3571 parentum,
996 3504 1046 3552 aut
1085 3497 1200 3554 minore

203 3608 321 3674 umptu,
341 3615 429 3674 quam
444 3597 543 3656 domi?
586 3593 766 3667 Quantulum
787 3603 832 3653 est
853 3613 923 3671 ergo
946 3593 1050 3653 collata
1072 3596 1201 3670 pecunia
