2636 3980
192 172 235 238 30
461 163 484 211 A
509 163 705 212 snrrcrronr
723 161 826 212 raoni
848 160 918 210 run

191 327 398 404 concupiscas}
418 334 450 383 ut
465 335 508 384 tot
521 325 665 402 tantisque
680 325 795 384 dotibus
809 323 921 384 villulae
932 333 1049 384 nostrae
1061 324 1188 385 maxima

189 425 403 486 commendatio
417 443 453 484 ex
467 434 518 485 tuo
533 425 723 484 contubernio
739 424 866 484 accedat.
909 423 992 484 Vale.

462 631 487 678 r
509 615 562 670 22.
604 607 735 690 (Boon
759 628 784 667 2.
810 609 868 681 18.)

224 739 295 802 Pliny
306 738 392 802 gladly
403 738 550 788 undertakes
562 745 588 788 to
601 737 651 787 find
662 755 678 786 a
689 737 775 787 school
792 737 830 786 for
842 738 883 786 the
895 752 951 786 sons
963 737 992 786 oi
1003 738 1125 797 Rusticus,
1138 738 1188 786 and

191 821 242 871 will
253 822 312 871 take
324 821 374 871 real
386 822 485 871 interest
493 821 519 870 in
531 822 573 872 the
583 823 687 886 inquiry,
697 821 793 884 though
806 821 847 870 the
858 821 943 870 choice
952 820 1003 870 will
1015 821 1046 870 be
1057 821 1188 870 iuvidious.

474 960 499 1000 C.
520 959 633 1000 PLINIUS
653 959 783 1000 MAURICO
805 959 858 1000 SUO
879 959 902 999 S.

233 1071 313 1146 Quid
334 1092 352 1136 a
372 1083 400 1133 te
421 1073 492 1132 mihi
512 1074 665 1134 iucundius
685 1073 779 1150 potuit
799 1073 920 1150 iniungi,
942 1092 1031 1150 quam
1051 1082 1083 1132 ut
1103 1091 1186 1150 prae·

192 1180 340 1248 ceptorem
353 1172 446 1232 fratris
461 1174 501 1232 tui
516 1174 610 1232 liberis
625 1174 812 1250 quaererem?
840 1171 919 1230 Nam
932 1172 1076 1231 beneficio
1091 1182 1142 1230 tuo
1156 1173 1187 1230 in

191 1270 320 1332 scholam
340 1272 428 1332 redeo
448 1283 476 1331 et
496 1273 574 1331 illam
593 1273 791 1332 dulcissimam
810 1281 934 1330 aetatem
952 1272 1035 1348 quasi
1051 1289 1186 1331 resumo:

191 1369 281 1428 sedeo
295 1371 368 1428 inter
382 1371 508 1445 iuvenes,
523 1381 555 1429 ut
574 1371 712 1442 solebam,
728 1381 814 1447 atque
833 1370 920 1428 etiam
941 1371 1081 1447 experior,
1096 1389 1187 1446 quan-

191 1478 254 1540 tum
268 1468 346 1544 apud
360 1468 424 1527 illos
439 1469 615 1528 auctoritatis
629 1488 666 1527 ex
681 1470 782 1528 studiis
798 1468 930 1528 habeam.
960 1467 1039 1527 Nam
1054 1470 1187 1546 proxime
1202 1483 1215 1533 5

191 1567 335 1643 frequenti
354 1567 495 1626 auditorio
514 1569 588 1625 inter
606 1586 637 1626 se
659 1585 757 1626 coram
772 1568 869 1626 multis
883 1568 992 1628 ordinis
1007 1568 1097 1627 nostri
1111 1567 1188 1627 clare

190 1665 400 1742 loquebantur:
421 1666 532 1738 intravi,
553 1667 771 1739 conticuerunt;
794 1666 873 1743 quod
892 1685 954 1725 non
973 1667 1117 1739 referrem,
1132 1665 1188 1725 nisi

191 1763 229 1842 ad
243 1764 357 1822 illorum
376 1766 469 1840 magis
488 1765 603 1823 laudem
623 1783 711 1842 quam
731 1765 768 1824 ad
788 1785 884 1824 meam
904 1766 1067 1842 pertineret,
1083 1783 1117 1823 ac
1132 1764 1187 1823 nisi

192 1881 307 1940 sperare
322 1872 350 1921 te
364 1863 466 1922 vellem
480 1881 568 1941 posse
583 1851 676 1924 fratris
691 1865 732 1922 tui
746 1865 820 1924 filios
834 1866 927 1941 probe
942 1866 1060 1924 discere.
1097 1863 1188 1936 Quod

191 1971 332 2038 superest,
348 1980 415 2020 cum
429 1980 533 2021 omnes
548 1963 597 2038 qui
612 1963 784 2039 profitentur
797 1963 923 2035 audiero,
934 1964 1004 2041 quid
1019 1963 1054 2022 de
1069 1981 1187 2040 quoque
1204 1987 1236 2024 ro

192 2061 317 2120 sentiam
328 2061 450 2119 scribam
460 2060 648 2136 efficiamque,
658 2074 799 2137 quantum
807 2072 905 2120 tamen
916 2063 1039 2136 epistula
1047 2062 1188 2137 consequi

192 2169 301 2236 potero,
312 2167 344 2216 ut
354 2158 416 2234 ipse
427 2175 530 2216 omnes
541 2159 656 2218 audisse
666 2160 795 2218 videaris.
817 2159 922 2220 Debeo
933 2162 1010 2220 enim
1022 2161 1082 2233 tibi,
1093 2160 1188 2219 debeo

192 2257 350 2316 memoriae
375 2256 468 2315 fratris
491 2257 531 2315 tui
556 2256 632 2318 hanc
656 2259 751 2330 fidem,
777 2258 833 2319 hoc
856 2260 992 2332 studium,
1017 2259 1188 2335 praesertim

192 2376 280 2435 super
301 2364 380 2415 tanta
400 2375 438 2414 re.
481 2357 560 2416 Nam
582 2359 651 2436 quid
671 2361 764 2436 magis
785 2361 904 2420 interest
923 2370 1025 2431 vestra,
1047 2377 1136 2436 quam
1157 2366 1189 2417 ut

192 2457 274 2516 liberi
289 2453 429 2534 (dicerem
450 2455 499 2526 tui,
517 2456 572 2514 nisi
594 2475 672 2516 nunc
693 2458 758 2516 illos
778 2458 873 2534 magis
894 2456 1019 2537 amares)
1037 2457 1118 2534 digni
1139 2457 1187 2514 illo
1204 2479 1235 2531 15

192 2566 283 2632 patre,
298 2566 325 2614 te
339 2565 444 2631 patruo
457 2555 655 2630 reperiantur?
677 2574 765 2631 quam
779 2576 879 2616 curam
893 2557 971 2629 mihi,
987 2557 1073 2615 etiam
1088 2558 1112 2614 si
1126 2574 1189 2614 non

192 2652 371 2725 mandasses,
386 2653 586 2713 vindicassem.
628 2653 694 2714 Nec
714 2656 819 2731 ignoro
841 2655 1038 2731 suscipiendas
1059 2655 1189 2714 offensas

193 2753 223 2809 in
237 2750 372 2826 eligendo
387 2763 593 2828 praeceptore;
616 2752 668 2812 sed
682 2762 797 2829 oportet
810 2773 857 2811 me
872 2772 933 2811 non
947 2753 1037 2811 modo
1059 2752 1189 2812 offensas

192 2848 393 2908 verumetiam
413 2849 571 2908 simultates
591 2867 645 2926 pro
660 2848 752 2908 fratris
768 2849 808 2907 tui
823 2850 887 2909 liliis
902 2860 962 2908 tam
976 2867 1070 2926 aequo
1089 2850 1188 2908 animo

194 2948 289 3008 subire
304 2965 393 3024 quam
407 2957 542 3022 parentes
557 2965 611 3024 pro
626 2948 692 3006 suis.
736 2946 819 3005 Vale.
1206 2973 1238 3008 ιο

515 3128 566 3181 23.
609 3119 737 3202 (BOOK
761 3140 786 3180 2.
810 3121 870 3201 20.)

264 3252 335 3316 Pliny
346 3252 476 3302 entertains
488 3253 612 3303 Calvisius
623 3253 684 3302 with
696 3253 764 3301 three
775 3253 905 3302 anecdotes
916 3253 994 3302 about
1007 3253 1117 3318 Regulus

437 3336 485 3384 and
496 3335 535 3384 his
546 3337 678 3386 shameless
689 3335 784 3400 pursuit
795 3335 825 3384 οἱ
832 3335 945 3398 legacies

477 3475 502 3515 C.
523 3475 634 3516 PLINIUS
654 3474 784 3516 cntvtsto
806 3473 859 3515 SUO
881 3473 903 3513 S.

236 3587 340 3646 Assem
365 3607 436 3666 para
459 3599 488 3648 et
512 3590 612 3666 accipe
636 3607 753 3649 auream
781 3587 916 3661 fabulam,
941 3589 1052 3649 fabulas
1080 3589 1190 3648 immo:
