2636 3980
217 209 258 294 38
485 224 508 272 a
532 223 727 273 saraorrov
746 223 849 274 raon
868 223 938 272 run

216 382 424 460 melioremque
451 383 602 443 florentem
635 395 720 461 atque
753 385 840 443 etiam
872 383 1054 443 consularem
1086 381 1206 459 reliquit.

216 479 354 540 Laeserat
371 481 479 541 famam
496 501 579 541 suam
596 485 650 543 sub
669 483 797 554 Nerone,
813 482 983 542 credebatur
1002 490 1105 558 sponte
1122 500 1205 540 accu-

216 597 313 652 sasse;
350 581 402 640 sed
437 581 466 638 in
498 579 594 640 Vitelli
630 583 753 641 anneitia
788 582 930 658 sapienter
964 599 996 640 se
1027 589 1055 638 et
1086 581 1207 639 comiter

213 689 350 754 gesserat,
391 699 427 737 ex
467 682 674 756 proconsulatu
714 681 801 740 Asiae
841 679 963 756 gloriam
1003 689 1205 754 reportaverat,

213 779 357 837 maculam
386 780 488 838 veteris
519 781 674 840 industriae
705 779 839 839 laudabili
870 779 930 836 otio
962 778 1097 836 abluerat.
1140 776 1204 835 Fuit
1216 802 1247 836 10

212 876 286 935 inter
307 878 452 954 principes
472 879 591 937 civitatis
619 878 681 936 sine
702 878 839 953 potentia,
862 877 925 936 sine
945 876 1071 935 invidia:
1100 875 1204 934 saluta·

212 976 302 1047 batur,
316 978 462 1036 colebatur
476 978 656 1053 multumque
671 979 701 1034 in
714 977 820 1036 lectulo
831 976 929 1034 iacens
944 976 1078 1034 cubiculo
1089 993 1204 1052 semper

211 1093 272 1133 non
287 1095 322 1134 ex
338 1075 451 1136 fortuna
472 1075 612 1152 frequenti
626 1075 800 1135 doctissimis
819 1075 1001 1133 sermonibus
1021 1074 1083 1132 dies
1101 1075 1203 1133 transi·

210 1175 306 1249 gebat,
321 1193 389 1234 cum
407 1194 424 1232 a
443 1173 594 1233 scribendo
613 1183 735 1233 vacaret.
778 1172 925 1232 Scribebat
946 1172 1073 1231 carmina
1093 1173 1201 1231 maiore

210 1292 278 1332 cura
296 1292 384 1350 quam
403 1273 530 1348 ingenio,
546 1291 607 1332 non
628 1289 788 1349 numquam
808 1271 913 1330 iudicia
931 1271 1083 1330 hominum
1102 1272 1201 1330 recita·
1214 1295 1243 1343 15

208 1372 336 1430 tionibus
357 1372 565 1448 experiebatur.
606 1371 772 1430 Novissime
793 1371 832 1428 ita
853 1369 1038 1429 suadentibus
1060 1369 1144 1428 annis
1164 1372 1201 1428 ab

208 1469 279 1527 urbe
308 1471 426 1528 secessit
454 1487 543 1545 seque
570 1469 600 1526 in
631 1468 791 1545 Campania
818 1470 917 1540 tenuit,
947 1487 980 1528 ac
1009 1487 1045 1527 ne
1076 1467 1200 1526 adventu

208 1568 325 1643 quidem
344 1568 412 1626 novi
431 1568 569 1644 principis
588 1568 656 1626 inde
671 1578 834 1627 commotus
848 1579 900 1628 est
943 1568 1054 1644 Magna
1068 1567 1200 1626 Caesaris

206 1667 277 1737 laus,
293 1667 346 1726 sub
360 1685 420 1743 quo
434 1668 491 1726 hoc
506 1667 626 1724 liberum
640 1666 699 1738 fuit,
714 1685 821 1742 magna
841 1667 922 1738 illius,
938 1668 986 1744 qui
1003 1667 1058 1725 hac
1071 1666 1199 1725 libertate

205 1783 292 1824 ausus
306 1776 350 1824 est
363 1766 412 1825 uti.
454 1766 523 1824 Erat
540 1769 682 1836 φιλόκαλος
700 1784 792 1842 usque
811 1766 848 1826 ad
865 1766 1024 1825 emacitatis
1044 1765 1198 1841 reprehen·
1211 1786 1241 1819 ao

205 1865 326 1924 sionem.
369 1864 467 1924 Plures
486 1865 579 1923 isdem
596 1865 627 1923 in
640 1864 711 1922 locis
725 1864 805 1926 villas
820 1865 987 1940 possidebat
1002 1865 1198 1940 adamatisque

204 1965 288 2022 novis
307 1964 417 2040 priores
433 1963 612 2041 neglegebat.
654 1963 780 2022 Multum
793 1964 901 2040 ubique
914 1962 1059 2034 librorum,
1075 1961 1198 2022 multum

204 2072 370 2134 statuarum,
398 2064 521 2121 multum
555 2063 723 2138 imaginum,
752 2081 825 2138 quas
859 2080 920 2120 non
951 2060 1076 2120 habebat
1106 2055 1211 2120 modo'

202 2178 302 2218 verum
322 2162 408 2220 etiam
422 2162 617 2233 venerabatur,
632 2161 742 2239 Vergili
760 2170 826 2219 ante
844 2177 955 2229 omnm,
971 2160 1052 2220 cuius
1072 2161 1197 2220 natalem

202 2258 364 2334 religiosius
392 2278 480 2336 quam
513 2277 598 2318 suum
627 2260 798 2331 celebrabat,
827 2257 952 2334 Neapoli
984 2259 1119 2330 maxime,
1147 2261 1197 2318 ubi
1211 2279 1240 2328 ²5

202 2358 414 2416 monimentum
432 2359 494 2416 eius
515 2358 641 2417 adirent
662 2358 802 2434 templum
824 2358 944 2416 solebat
987 2358 1023 2415 In
1044 2357 1098 2417 hac
1119 2370 1197 2418 tran-

201 2456 338 2532 quillitate
377 2474 487 2514 annum
526 2457 659 2533 quintum
694 2467 722 2515 et
763 2457 1029 2533 septuagensimum
1064 2459 1195 2529 excessit,

200 2554 323 2613 delicato
344 2555 437 2630 magis
458 2573 580 2632 corpore
602 2574 691 2632 quam
712 2555 844 2627 infirmo;
873 2566 961 2631 utque
983 2556 1155 2614 novissimus
1178 2547 1197 2617 a

199 2651 317 2710 Nerone
338 2652 431 2712 factus
452 2663 496 2712 est
517 2656 627 2726 consul,
650 2655 689 2712 ita
713 2664 876 2730 postremus
902 2672 938 2711 ex
960 2654 1096 2712 omnibus
1118 2659 1195 2730 quos

198 2747 280 2809 Nero
294 2752 428 2810 consules
442 2751 548 2811 fecerat
563 2752 695 2812 decessit.
738 2752 812 2810 Illud
826 2752 913 2809 etiam
928 2753 1063 2823 notabile,
1075 2753 1195 2814 ultimus
1207 2771 1240 2818 30

198 2867 234 2906 ex
262 2847 437 2908 Neronianis
463 2851 661 2909 consularibus
683 2850 753 2908 obiit
774 2867 833 2925 quo
855 2849 975 2908 consule
1000 2849 1080 2908 Nero
1101 2853 1195 2926 periit.
1300 2861 1301 2895 l

198 2947 289 3019 Quod
309 2966 357 3006 me
378 2950 579 3008 recordantem
596 2949 755 3024 fragilitatis
775 2947 919 3006 humanae
940 2949 1086 3008 miseratio
1108 2953 1195 3011 subit.

198 3046 278 3118 Quid
306 3047 385 3105 enim
417 3057 477 3105 tarn
505 3048 715 3118 circumcisum,
744 3055 804 3104 tam
831 3047 917 3105 breve
945 3065 1033 3123 quam
1066 3049 1196 3110 hominis

197 3145 253 3203 vita
281 3145 470 3220 longissima?
502 3165 540 3205 an
568 3164 629 3204 non
657 3146 767 3204 videtur
794 3145 843 3203 tibi
872 3143 953 3203 Nero
981 3146 1071 3206 modo
1100 3149 1196 3209 modo

196 3243 305 3302 fuisse?
328 3261 395 3302 cum
414 3244 526 3301 interim
546 3263 582 3302 ex
596 3245 631 3303 iis
646 3245 695 3320 qui
715 3245 769 3302 sub
782 3243 831 3301 illo
846 3255 996 3319 gesserant
1010 3245 1194 3304 consulatum
1207 3263 1240 3311 35

196 3360 284 3400 nemo
312 3343 370 3399 iam
398 3352 536 3416 superest.
580 3342 767 3418 Quamquam
791 3342 861 3418 quid
885 3342 941 3401 hoc
963 3344 1069 3402 miror?
1098 3364 1194 3423 nuper

196 3437 230 3495 L.
245 3437 322 3507 Piso,
337 3449 418 3512 pater
433 3438 546 3498 Pisonis
561 3439 633 3499 illius
648 3441 696 3517 qui
712 3459 729 3498 a
744 3439 859 3498 Valerio
875 3440 962 3500 Festo
976 3460 1028 3518 per
1042 3460 1194 3505 summum

196 3535 307 3594 facinus
332 3537 363 3594 in
384 3535 482 3596 Africa
503 3539 616 3598 occisus
645 3548 696 3610 est,
718 3538 813 3597 dicere
842 3540 954 3599 solebat
982 3541 1128 3599 neminem
1158 3562 1194 3604 se

195 3631 290 3694 videre
311 3634 342 3693 in
369 3645 470 3696 senatu
491 3655 579 3714 quem
601 3636 703 3697 consul
732 3638 793 3716 ipse
822 3641 993 3698 sententiam
1021 3641 1194 3718 rogavisset.
