2636 3980
187 225 207 288 6
447 238 469 285 n
495 237 694 286 saracrrorv
713 236 818 287 suoru
840 237 910 286 rna

187 416 251 458 esse
278 395 355 455 hanc
376 395 584 473 'philosophiae
612 406 641 456 et
669 396 786 474 quidem
815 394 1038 473 pulcherrimam
1065 402 1185 470 partem,

188 514 274 573 agere
292 496 443 572 negotium
464 495 622 572 publicum,
639 513 830 572 cognoscere,
850 495 983 567 iudicare,
1004 509 1139 570 promere
1159 499 1187 548 et

188 591 322 654 exercere
350 593 492 664 iustitiam,
522 610 655 669 quaeque
682 593 738 668 ipsi
769 593 893 652 doceant
925 594 955 650 in
985 610 1041 650 usu
1072 590 1187 648 habere.

188 693 264 753 Mihi
282 703 381 750 tamen
399 691 457 749 hoc
473 709 565 749 unum
584 709 646 748 non
662 692 826 768 persuadet,
843 692 931 751 satius
947 709 1010 750 esse
1024 691 1079 748 ista
1092 688 1188 746 facere

189 809 279 870 quam
298 808 366 849 curn
384 787 433 847 illo
451 788 513 847 dies
530 798 609 847 totos
628 789 774 848 audiendo
793 790 992 866 discendoque
1006 803 1187 846 consumere.
1201 807 1234 854 40

190 892 260 964 Quo
284 888 378 964 magis
403 896 439 958 te,
465 887 511 945 cui
535 880 627 957 vacat,
652 887 760 961 hortor,
783 907 850 946 cum
874 890 905 946 in
929 890 1031 948 urbem
1056 885 1188 962 proxime

189 989 303 1049 veneris
318 985 429 1066 (venias
448 997 544 1045 autem
564 989 603 1046 ob
621 983 679 1045 hoc
699 984 860 1066 maturius),
878 988 917 1046 illi
935 996 963 1045 te
982 983 1189 1061 expoliendum

188 1086 408 1162 limandumque
425 1087 582 1160 permittas
624 1084 730 1163 Neque
745 1086 823 1143 enim
838 1102 904 1161 ego,
919 1094 951 1143 ut
966 1083 1058 1155 multi,
1072 1081 1188 1139 invideo

190 1186 251 1245 aliis
279 1183 360 1243 bono
385 1199 445 1259 quo
473 1183 535 1260 ipse
563 1201 657 1254 careo,
687 1183 738 1242 sed
766 1193 868 1241 contra
895 1201 1013 1242 sensum
1042 1177 1188 1258 quendam

189 1285 426 1360 voluptatemque
446 1281 585 1357 percipio,
603 1283 627 1340 si
648 1299 683 1339 ea
703 1299 778 1359 quae
799 1280 870 1339 mihi
891 1280 1072 1356 denegantur
1088 1276 1189 1336 amicis
1202 1285 1233 1334 45

190 1383 276 1442 video
290 1399 448 1458 superesse.
493 1380 575 1440 Vale.

524 1617 554 1675 'l.
597 1613 726 1694 (BOOK
751 1633 776 1673 1.
802 1609 861 1693 ra.)

224 1755 294 1820 Pliny
305 1754 411 1804 laments
423 1753 464 1802 the
475 1753 526 1802 loss
537 1753 586 1802 and
598 1753 703 1802 admires
715 1754 756 1803 the
769 1753 887 1803 fortitude
899 1753 929 1803 ol
937 1751 1059 1804 Corellius
1071 1751 1158 1808 Rufus,
1224 1741 1228 1751 ‘

317 1837 375 1886 who
386 1835 436 1884 had
448 1835 527 1884 ended
538 1834 577 1883 his
588 1835 715 1899 sufferings
726 1836 759 1900 by
771 1836 911 1886 abstinence
922 1835 986 1884 srom
997 1835 1064 1884 food.

402 1971 427 2014 C
447 1971 561 2012 PLINIUS
582 1971 739 2013 CALESTRIO
761 1971 861 2014 TIRONI
882 1972 936 2012 SUO
957 1969 979 2011 S.

204 2035 206 2045 ¹
259 2029 267 2054 Ι

231 2087 376 2146 Iacturam
390 2086 591 2162 gravissimam
606 2085 669 2157 leci,
684 2085 709 2143 si
722 2086 831 2143 iactura
849 2084 972 2143 dicenda
989 2094 1034 2142 est
1052 2083 1122 2141 tanti
1138 2080 1190 2140 viri

191 2186 326 2246 amissio:
355 2184 479 2242 decessit
499 2183 642 2242 Corellius
663 2183 765 2254 Rufus,
786 2195 815 2242 et
836 2182 954 2259 quidem
976 2191 1088 2258 sponte,
1109 2179 1190 2257 quod

192 2284 325 2345 dolorem
345 2299 444 2339 meum
463 2281 616 2340 exulcerat.
658 2281 711 2340 Est
732 2281 810 2340 enirn
830 2281 1074 2340 luctuosissimum
1095 2296 1190 2355 genus

191 2383 291 2442 mortis
315 2399 389 2458 quae
413 2398 476 2438 non
500 2398 538 2437 ex
563 2391 665 2438 natura
689 2399 744 2439 nec
770 2380 861 2439 fatalis
882 2381 1001 2439 videtur
1043 2378 1122 2437 Nam
1144 2388 1190 2436 ut-

191 2499 317 2559 cumque
347 2480 379 2537 in
409 2479 464 2537 illis
495 2479 545 2555 qui
579 2479 684 2536 morbo
716 2478 853 2536 finiuntur
883 2497 1056 2592 magnum
1057 2495 1094 2536 ex
1126 2477 1219 2552 ipsas

191 2581 316 2640 necessit
306 2590 363 2638 tate
388 2577 528 2638 solacium
555 2587 609 2649 est,
634 2577 665 2634 in
691 2577 725 2635 iis
749 2595 818 2636 vero
843 2595 918 2654 quos
946 2552 1081 2636 arcessita
1108 2593 1190 2634 mors

192 2680 283 2739 aufert
310 2679 357 2739 hic
385 2677 552 2736 insanabilis
580 2676 664 2736 dolor
688 2685 740 2750 est,
769 2679 850 2754 quod
877 2676 1033 2737 creduntur
1059 2676 1191 2752 potuisse

193 2781 241 2839 diu
262 2779 366 2836 vivere.
408 2775 565 2835 Corellium
590 2775 707 2852 quidem
732 2792 847 2836 summa
871 2777 952 2850 ratio,
974 2794 1049 2853 quae
1074 2775 1191 2851 sapien·

192 2879 284 2938 tibus‘
302 2894 356 2953 pro
391 2876 562 2934 necessitate
595 2883 649 2946 est,
683 2875 721 2934 ad
758 2875 816 2936 hoc
852 2876 1006 2936 consilium
1042 2872 1191 2949 compulit,

192 2993 370 3055 quamquam
405 2975 542 3051 plurimas
572 2973 687 3032 vivendi
717 2993 819 3034 causas
850 2974 1015 3044 habentem,
1047 2973 1192 3050 optimam
1207 2995 1241 3030 10

192 3075 410 3146 conscientiam,
445 3074 587 3150 optimam
628 3072 747 3149 famam,
786 3076 945 3134 maximam
979 3073 1190 3143 auctoritatem,

193 3185 342 3254 praeterea
377 3173 465 3230 filiam
499 3190 620 3230 uxorem
655 3154 795 3249 nepolem
830 3190 952 3243 sorores,
984 3172 1115 3248 interque
1147 3178 1192 3229 tot

193 3275 318 3353 pignora
340 3290 424 3330 veros
449 3271 568 3330 amicos.
612 3270 671 3330 Sed
698 3281 758 3331 tam
786 3271 881 3349 longa,
907 3283 968 3331 tarn
993 3271 1092 3348 iniqua
1115 3268 1192 3328 vale-

193 3373 293 3432 tudine
318 3370 546 3444 conflictabatur,
571 3380 603 3428 ut
630 3370 703 3430 haec
728 3361 923 3447 tanta‘p'retia
947 3370 1061 3428 vivendi
1087 3369 1191 3428 mortis

193 3473 351 3532 rationibus
365 3470 552 3531 vincerentur.
595 3471 695 3530 Tertio
711 3481 740 3530 et
756 3471 921 3530 tricensimo
938 3488 1026 3540 anno,
1043 3479 1075 3528 ut
1094 3469 1192 3545 ipsum
1209 3491 1219 3526 r
1225 3493 1241 3542 5

195 3572 356 3647 audiebam,
384 3571 492 3651 pedum
521 3573 621 3632 dolore
649 3581 799 3647 correptus
827 3579 879 3628 est.
921 3568 1032 3627 Patrius
1058 3565 1106 3627 hic
1133 3567 1191 3627 illi:

195 3691 262 3758 nam
287 3673 458 3751 plerumque
482 3672 577 3731 morbi
602 3689 719 3750 quoque
747 3689 800 3749 per
823 3667 1023 3729 successiones
1048 3667 1192 3746 quasdam
