2636 3980
200 166 244 246 46
472 180 493 228 A
519 179 712 229 sernerrou
732 179 836 228 anon
856 179 926 228 rna

203 341 328 418 primum
343 341 407 417 ipsa
426 341 607 418 pulchritudo
628 342 776 418 iungendi,
792 342 896 401 deinde
917 341 999 417 quod
1019 357 1080 398 non
1100 341 1198 398 minus

203 440 270 499 utile
287 459 375 517 quarn
390 437 594 518 voluptuosum
615 459 702 517 posse
720 451 839 517 utraque
858 441 961 499 eadem
980 459 1078 517 opera,
1093 439 1225 504 eodem5

202 540 305 598 viatico
333 540 463 611 invisere,
492 541 545 597 sub
573 540 676 598 eodem
705 549 890 616 procuratore
918 558 952 598 ac
982 557 1076 615 paene
1104 538 1197 596 isdem

203 639 347 697 actoribus
381 639 497 708 habere,
524 656 612 696 unam
640 637 735 695 villam
763 637 857 696 colere
884 648 913 696 et
941 656 1050 709 ornare,
1079 636 1198 695 alteram

202 748 313 796 tanturn
329 738 409 795 tueri.
451 738 531 796 Inest
544 738 610 796 huic
625 737 833 813 computationi
855 747 987 814 sumptus
1006 736 1197 812 supellectilis,

204 845 336 912 sumptus
371 835 546 907 atriensium,
575 837 772 911 topiariorum,
807 835 954 894 fabrorum
988 846 1074 911 atque
1109 836 1195 894 etiarn

202 935 340 992 venatorii
354 934 550 1005 instrumenti;
576 951 650 1010 quae
669 935 824 1009 plurimum
844 933 928 991 refert
946 927 1037 991 unum
1054 934 1083 991 in
1097 932 1194 991 locum
1210 949 1240 983 10

203 1032 344 1104 conferas,
368 1052 406 1092 an
430 1035 460 1091 in
488 1033 598 1091 diversa
627 1031 785 1109 dispergas.
837 1032 947 1092 Contra
971 1049 1070 1090 vereor
1099 1049 1135 1089 ne
1161 1032 1196 1089 sit

202 1133 349 1191 incautum
363 1151 424 1191 rem
440 1143 498 1191 tam
514 1151 649 1208 magnam
668 1131 760 1190 isdem
774 1131 1001 1208 tempestatibus,
1015 1130 1108 1188 isdem
1123 1131 1197 1188 casi-

202 1232 257 1289 bus
280 1231 420 1291 subdere:
453 1231 541 1289 tutius
565 1231 675 1288 videtur
695 1230 804 1289 incerta
825 1229 954 1289 fortunae
976 1230 1195 1306 possessionum

202 1331 383 1388 varietatibus
398 1329 528 1405 experiri.
572 1328 670 1386 Habet
688 1329 775 1387 etiarn
794 1329 917 1386 multum
937 1329 1120 1386 iucunditatis
1142 1328 1195 1386 soli

202 1428 330 1503 caelique
359 1428 478 1485 mutatio
493 1427 612 1503 ipsaque
641 1427 688 1484 illa
710 1427 902 1503 peregrinatio
925 1426 997 1485 inter
1021 1445 1079 1485 sua.
1131 1426 1238 1489 Iam15

202 1526 282 1601 quod
310 1525 524 1585 deliberationis
558 1535 674 1584 nostrae
710 1536 797 1602 caput
825 1537 877 1596 est,
906 1527 966 1602 agri
996 1536 1062 1584 sunt
1090 1525 1197 1584 fertiles

202 1627 327 1702 pingues
341 1627 452 1702 aquosi,
467 1635 601 1684 constant
616 1626 727 1701 campis
742 1627 831 1685 vineis
852 1626 935 1698 silvis,
951 1644 1025 1702 quae
1046 1626 1197 1684 materiam

203 1734 281 1782 etex
299 1742 333 1781 ea
353 1724 476 1782 reditum
495 1725 567 1782 sicut
589 1724 735 1782 modicum
757 1725 795 1782 ita
816 1734 920 1782 statum
942 1719 1096 1800 praestant.
1138 1722 1198 1781 Sed

202 1822 274 1881 haec
302 1823 421 1881 felicitas
449 1834 538 1881 terrae
567 1797 705 1881 inbecillis
734 1823 890 1881 cultoribus
918 1823 1062 1899 fatigatur.
1117 1821 1197 1880 Nam

203 1939 355 1998 possessor
383 1921 461 1998 prior
489 1922 603 1998 saepius
628 1921 755 1980 vendidit
783 1921 914 1998 pignora,
940 1931 969 1979 et
993 1921 1062 1979 dum
1087 1920 1197 1996 reliqua
1211 1945 1241 1979 20

203 2021 374 2081 colonorum
400 2021 503 2079 minuit
526 2020 563 2078 ad
591 2030 713 2097 tempus,
737 2021 811 2079 vires
832 2021 862 2078 in
885 2030 1032 2096 posterum
1057 2017 1197 2089 exhausit,

202 2138 323 2195 quarum
353 2117 513 2176 defectione
541 2137 637 2178 rursus
668 2120 777 2196 reliqua
811 2128 967 2178 crevemnt.
1024 2117 1096 2176 Sunt
1124 2133 1197 2194 ergo

203 2218 361 2277 instruendi
384 2235 420 2275 eo
443 2218 539 2294 pluris,
563 2219 642 2295 quod
667 2220 741 2296 frugi
764 2220 934 2294 mancipiis:
962 2236 1030 2276 nam
1055 2236 1109 2276 nec
1132 2219 1197 2294 ipse

202 2334 325 2393 usquam
340 2315 451 2374 vinctos
465 2314 560 2375 habeo
580 2335 633 2374 nec
655 2317 694 2374 ibi
713 2319 873 2393 quisquam.
915 2316 1051 2393 Superest
1070 2326 1102 2374 ut
1120 2318 1198 2374 scias

202 2417 300 2494 quanti
315 2416 465 2474 videantur
485 2433 571 2491 posse
594 2415 666 2473 emi:
699 2416 827 2474 sestertio
849 2415 950 2485 tricies
966 2433 1026 2473 non
1046 2415 1113 2489 quia
1134 2432 1195 2472 non
1212 2436 1239 2484 ²5

202 2515 357 2592 aliquando
376 2514 568 2591 quinquagies
587 2514 699 2586 fuerint,
714 2533 812 2572 verum
833 2523 861 2572 et
882 2514 937 2572 hac
958 2513 1096 2590 paenuria
1115 2513 1198 2581 colo,-

203 2633 307 2674 nomm
332 2623 360 2671 et
387 2613 535 2672 communi
556 2614 693 2689 temporis
714 2613 861 2689 iniquitate
883 2624 913 2672 ut
934 2613 1039 2672 reditus
1059 2629 1197 2690 agromm

203 2714 244 2772 sic
258 2713 341 2770 etiarn
357 2712 478 2787 pretium
493 2721 568 2769 retro
583 2713 658 2769 abiit.
702 2711 825 2784 Quaeris
844 2731 882 2771 an
904 2712 962 2770 hoc
986 2712 1080 2788 ipsum
1100 2712 1197 2769 tricies

202 2811 285 2870 facile
300 2810 433 2886 colligere
450 2811 613 2887 possimus?
639 2830 702 2869 sum
724 2811 841 2888 quidem
862 2830 954 2888 prope
973 2821 1050 2869 totus
1064 2811 1093 2867 in
1109 2828 1194 2885 prae-

203 2911 265 2981 diis,
280 2909 385 2984 aliquid
400 2919 497 2966 tamen
517 2908 624 2980 fenero,
640 2928 694 2968 nec
713 2909 865 2968 molestum
880 2910 932 2967 erit
949 2910 1091 2982 mutuari3
1120 2910 1196 2967 acci·
1209 2927 1239 2973 30

202 3010 313 3086 piama
333 3025 425 3077 soem,
441 3007 520 3065 cuius
539 3025 606 3064 area
624 3026 685 3065 non
707 3028 789 3067 secus
811 3029 845 3068 ac
865 3028 931 3068 mea
952 3021 1026 3068 utor.
1067 3008 1196 3067 Proinde

201 3107 258 3166 hoc
283 3117 311 3165 te
332 3124 393 3164 non
415 3117 536 3178 moveat,
559 3108 582 3166 si
604 3119 698 3166 cetera
721 3127 780 3167 non
805 3107 990 3184 refragantur,
1013 3125 1087 3184 quae
1110 3107 1196 3166 velirn

201 3225 290 3284 quam
319 3207 533 3283 diligentissime
564 3207 719 3265 examines.
781 3206 858 3264 Nam
893 3226 959 3266 curn
994 3208 1024 3265 in
1059 3208 1197 3266 omnibus

200 3307 286 3366 rebus
301 3319 360 3365 turn
375 3308 405 3363 in
420 3306 607 3381 disponendis
629 3306 808 3364 facultatibus
829 3306 981 3383 plurimum
1004 3306 1054 3364 tibi
1076 3318 1104 3363 et
1124 3325 1196 3366 usus

201 3414 229 3463 et
243 3403 438 3481 providentiae
453 3414 590 3479 superest.
632 3403 714 3462 Vale.
1208 3414 1240 3464 35
