2636 3980
200 167 357 219 LETTERS
380 172 425 221 OF
446 174 476 226 C.
491 173 639 223 PLINIUS
661 175 845 225 CAECILIUS
865 177 1058 227 SECUNDUS.
1100 181 1143 250 ¹23

466 424 518 479 19.
560 417 688 498 (BOOK
711 438 737 479 a.
762 418 821 498 13.)
861 417 888 478 -l

181 557 253 624 Pliny
263 565 431 616 recommends
443 572 470 616 to
481 565 578 617 Priscus
589 567 627 618 lor
637 569 778 634 promotior:
790 569 918 620 Voconius
928 570 1061 626 Romanus,
1073 569 1114 618 his

410 649 522 700 intimate
536 651 584 700 and
595 651 781 717 accomplished
791 652 877 704 friend.

453 805 478 845 C·
500 805 611 846 PLINIUS
632 806 729 848 musco
750 806 803 848 SUO
823 807 844 847 S.

192 933 230 993 Et
251 945 282 994 tu
300 939 471 998 occasiones
491 941 640 1019 obligandi
660 962 709 1002 me
730 944 893 1004 avidissime
913 944 1102 1022 amplecteris
1118 952 1147 1002 et

152 1051 207 1110 ego
228 1036 337 1094 nemini
357 1037 492 1099 libentius
513 1038 619 1100 debeo.
661 1041 783 1102 Duabus
808 1062 879 1119 ergo
901 1044 937 1102 de
962 1043 1057 1103 causis
1079 1061 1096 1100 a
1117 1050 1146 1100 te

151 1134 334 1208 potissimum
348 1146 445 1213 petere
461 1140 604 1218 constitui,
620 1140 699 1217 quod
714 1142 889 1218 inpetratum
904 1143 1030 1200 maxime
1052 1141 1146 1217 cupio¹

153 1232 242 1310 Regis
261 1238 418 1296 exercitum
439 1240 666 1316 amplissimum;
687 1242 756 1303 hinc
775 1243 826 1301 tibi
840 1243 1049 1301 beneficiorum
1069 1242 1148 1316 larga

125 1335 289 1394 5materia:
317 1337 438 1414 longum
462 1349 611 1416 praeterea
638 1350 763 1418 tempus,
787 1361 845 1419 quo
871 1341 981 1400 amieos
1006 1349 1072 1399 tuos
1097 1357 1147 1398 ex-

153 1449 257 1491 ornare
281 1435 409 1511 potuisti.
452 1435 597 1498 Converte
622 1448 650 1498 te
672 1439 711 1497 ad
732 1450 857 1511 nostros,
879 1457 934 1500 nec
955 1438 1010 1497 hos
1031 1438 1147 1496 multos.

153 1527 257 1590 Malles
272 1541 302 1589 tu
316 1534 434 1610 quidem
447 1535 555 1594 multos
563 1556 571 1610 ;
594 1536 645 1596 sed
659 1555 743 1595 meae
754 1539 941 1596 verecundiae
956 1537 1059 1596 suffieit
1072 1555 1148 1594 unus

153 1639 203 1686 aut
217 1630 295 1701 alter,
310 1649 344 1690 ac
359 1631 456 1706 potius
471 1650 554 1694 unus.
593 1629 623 1693 Is
638 1636 691 1693 erit
700 1635 853 1695 Voconius
868 1635 1029 1694 Romanus.
1065 1635 1150 1692 Pater

53 1795 58 1804 Ι
153 1727 180 1785 ei
194 1729 224 1786 in
239 1732 364 1806 equestri
377 1729 470 1806 gradu
485 1731 587 1804 clarus
603 1733 705 1793 clarior
718 1734 842 1805 vitricus,
857 1733 948 1791 immo
962 1743 1044 1812 pater
1058 1733 1147 1792 alius:

108 1849 139 1885 ro
152 1844 221 1885 narn
236 1826 302 1888 huie
323 1847 441 1906 quoque
463 1831 576 1889 nomini
595 1832 701 1908 pietate
720 1833 867 1890 suecessit.
910 1830 1005 1890 Mater
1019 1851 1036 1890 e
1050 1831 1149 1907 primis

151 1926 289 1985 citerioris
311 1925 495 2003 Hispaniae:
527 1929 583 1987 scis
608 1928 690 2004 quod
713 1927 852 1987 iudicium
876 1929 1041 2004 provinciae
1066 1929 1149 2002 illius,

153 2035 261 2102 quanta
282 2025 318 2084 sit
337 2027 470 2102 gravitas
512 2026 582 2103 Ipse
601 2027 709 2085 flamen
723 2027 856 2102 proxime
875 2026 933 2085 fuit.
978 2026 1068 2086 Hunc
1083 2046 1148 2104 ego,

152 2139 220 2181 cum
239 2124 323 2183 simul
343 2126 534 2197 studeremus,
549 2135 609 2184 arte
627 2124 860 2202 familiariterque
880 2125 982 2184 dilexi:
1005 2126 1051 2184 ille
1065 2129 1149 2186 meu's

152 2221 183 2278 in
197 2225 276 2296 urbe,
287 2224 335 2283 ille
349 2225 380 2282 in
395 2241 512 2283 secessu
527 2222 749 2295 contubernalis,
762 2241 828 2281 cum
842 2222 901 2282 hoc
915 2224 998 2296 seria,
1010 2243 1077 2283 cum
1091 2225 1150 2284 hoc

108 2344 139 2394 15
153 2319 237 2380 iocos
257 2323 368 2382 miscui.
411 2323 490 2395 Quid
510 2323 588 2382 enim
603 2323 652 2381 illo
672 2331 721 2380 aut
735 2321 847 2381 fidelius
866 2323 962 2381 amico
981 2331 1030 2382 aut
1049 2323 1149 2382 sodale

154 2418 327 2480 iucundius?
348 2423 422 2481 mira
434 2423 464 2480 in
479 2428 622 2493 sermone,
638 2421 710 2479 mira
725 2421 811 2479 etiam
826 2420 856 2478 in
870 2438 921 2479 ore
934 2422 999 2497 ipso
1014 2421 1150 2497 vultuque

155 2519 286 2584 suavitas.
330 2519 378 2579 Ad
398 2521 455 2580 hoc
475 2519 625 2597 ingenium
646 2519 803 2589 excelsum,
819 2519 930 2590 subtile,
951 2519 1043 2590 dulce,
1059 2519 1150 2593 facile,

155 2617 298 2676 eruditum
308 2618 338 2676 in
349 2619 443 2678 causis
455 2619 590 2696 agendis:
611 2616 748 2696 epistulas
763 2617 881 2695 quidem
892 2617 997 2689 scribit,
1006 2627 1037 2676 ut
1048 2617 1150 2678 Musas

154 2717 233 2793 ipsas
247 2717 333 2776 latine
348 2717 428 2794 loqui
442 2719 552 2777 credas.
583 2717 707 2776 Amatur
720 2735 738 2774 a
751 2733 799 2774 me
813 2715 968 2792 plurimum
982 2734 1038 2774 nec
1052 2725 1149 2777 tamen

109 2814 284 2874 revincitur.
327 2815 471 2893 Equidem
489 2815 598 2874 iuvenis
617 2815 713 2873 statim
730 2813 825 2872 iuveni
843 2823 982 2889 quantum
999 2816 1080 2890 potui
1097 2834 1150 2891 per

156 2920 281 2972 aetatem
295 2913 458 2972 avidissime
472 2913 581 2972 contuli
595 2923 623 2971 et
638 2930 730 2989 nuper
743 2912 781 2971 ab
794 2911 907 2987 optimo
921 2912 1050 2989 principe
1063 2913 1149 2972 trium

155 3011 313 3070 liberorum
340 3013 385 3071 ius
412 3012 570 3089 impetravi,
599 3012 680 3088 quod
707 3027 884 3087 quamquam
910 3029 997 3087 parce
1025 3020 1053 3070 et
1081 3031 1148 3071 curn

156 3108 270 3168 delectu
284 3111 372 3182 daret,
387 3110 457 3169 mihi
471 3121 579 3181 tamen,
596 3119 745 3185 tamquam
760 3108 884 3183 eligeret,
899 3107 1024 3168 indulsit.
1063 3109 1148 3168 Haec

155 3207 296 3268 beneficia
316 3228 383 3268 mea
403 3210 475 3268 tueri
497 3208 576 3269 nullo
600 3207 691 3266 modo
715 3206 826 3278 melius,
848 3224 937 3282 quam
961 3216 991 3266 ut
1015 3225 1148 3283 augeam,

107 3329 139 3380 ²5
154 3324 285 3383 possum,
302 3309 471 3384 praesertim
489 3325 557 3366 cum
572 3307 635 3383 ipse
648 3304 696 3363 illa
714 3314 773 3364 tam
792 3315 871 3380 grate
886 3305 1092 3382 interpretetur,
1107 3317 1149 3378 ut,

154 3405 226 3464 dum
254 3406 349 3482 priora
381 3407 493 3483 accipit,
522 3405 682 3483 posteriora
709 3413 859 3464 mereatur.
915 3404 1017 3463 Habes
1045 3404 1147 3480 qualis,

152 3522 242 3581 quam
263 3505 402 3582 probatus
421 3522 561 3580 carusque
583 3503 619 3562 sit
635 3503 729 3574 nobis,
744 3520 832 3577 quem
850 3520 924 3579 rogo
944 3519 997 3579 pro
1018 3502 1148 3579 ingenie,

154 3621 209 3681 pro
230 3603 346 3663 fortuna
366 3612 416 3662 tua
437 3619 569 3661 exomes.
621 3601 658 3659 In
679 3601 779 3679 primis
800 3619 867 3662 ama
887 3601 1053 3662 hominem:
1079 3616 1148 3662 nam

1167 1901 1194 1954 ‘l

1185 1967 1202 2010 ὁ
