2626 3976
208 184 249 268 98
476 200 500 251 A
525 201 722 252 surnorron
740 202 844 252 raon
865 201 935 250 rur

207 359 335 431 remisit;
371 361 484 420 obtinui
507 371 606 420 tamen
634 363 715 438 quod
742 362 934 421 intenderam.
989 357 1068 417 Nam
1098 354 1211 430 collega

208 456 286 516 Certi
321 459 513 532 consulatum,
542 477 742 519 successorem
777 459 881 518 Certus
916 457 1037 535 accepit,
1064 455 1211 532 planeque

206 555 316 614 lactum
340 566 385 615 est
409 556 490 632 quod
514 557 643 616 dixeram
668 560 699 616 in
723 557 791 630 fine,
820 557 942 616 ‘reddat
966 555 1130 632 praemium
1155 550 1212 610 sub
1226 559 1263 607 115

207 655 320 731 optimo
335 655 474 731 principe,
489 656 602 732 quoda
621 657 749 734 pessimo
769 657 899 732 accepit!
941 655 1050 713 Postea
1063 652 1211 711 actionem

207 773 313 826 meam,
342 764 498 831 utcumque
526 757 617 832 potui,
645 757 789 832 recollegi,
814 755 914 814 addidi
941 739 1064 813 multas
1093 751 1211 810 Accidit

207 852 365 922 fortuitum,
388 853 441 911 sed
464 871 526 912 non
553 864 703 930 tamquam
731 854 888 926 fortuitum,
913 852 995 930 quod
1023 851 1107 910 editis
1132 849 1211 908 libris

208 950 312 1010 Certus
346 951 421 1009 intra
454 953 646 1028 paucissimos
679 954 741 1012 dies
769 953 913 1029 inplicitus
939 951 1044 1011 morbo
1077 949 1211 1008 decessit.

208 1049 314 1108 Audivi
341 1048 496 1109 referentes
524 1049 600 1110 hanc
622 1052 781 1128 imaginem
803 1051 895 1109 menti
919 1050 989 1120 eius,
1014 1049 1091 1107 hane
1119 1047 1264 1106 oculisne

209 1149 367 1220 oberrasse,
391 1158 541 1225 tamquam
562 1149 675 1208 'videret
697 1150 825 1220 mesibi
852 1167 921 1207 cum
948 1148 1023 1206 ferro
1049 1147 1211 1204 imminere.

207 1245 325 1305 Verane
342 1245 414 1305 haec
436 1247 586 1306 adfirmare
606 1267 668 1306 uon
690 1248 801 1317 ausim;
827 1247 945 1306 interest
964 1255 1064 1304 tamen
1083 1246 1212 1320 exempli

207 1356 240 1404 ut
267 1364 334 1404 vera
358 1345 517 1404 videantur.
559 1345 662 1406 Habes
687 1348 848 1423 epistulam,
872 1347 896 1404 si
920 1345 1043 1404 modum
1068 1343 1211 1420 epistulae

207 1444 327 1520 cogites,
356 1443 434 1502 libris
463 1462 538 1521 quos
568 1445 663 1521 legisti
691 1464 753 1504 non
781 1446 946 1516 minorem;
981 1444 1034 1502 sed
1061 1443 1210 1518 inputabis

206 1543 267 1612 tibi,
283 1542 333 1619 qui
347 1550 501 1600 contentus
516 1542 595 1602 libris
608 1562 669 1602 non
684 1543 770 1606 fuisti.
810 1543 894 1603 Vale.
1224 1553 1263 1601 1²5

526 1783 576 1837 78.
620 1774 750 1856 (BOOK
772 1797 799 1854 9.
825 1773 883 1855 15.)

239 1923 311 1988 Pliny
322 1923 367 1972 has
377 1924 469 1988 sought
480 1924 568 1974 leisure
578 1924 604 1972 in
620 1925 662 1973 the
673 1932 784 1990 country,
796 1925 842 1974 but
853 1924 914 1973 does
928 1929 973 1971 not
983 1921 1035 1970 find
1047 1922 1123 1971 much
1139 1922 1209 1970 satis·
1293 1907 1294 1951 l

205 2009 300 2058 faction
323 2009 391 2057 there
419 2008 498 2059 either
518 2008 545 2056 in
566 2007 605 2056 his
630 2007 723 2058 studies
746 2023 775 2057 or
796 2007 823 2056 in
845 2007 887 2057 the
910 2007 991 2056 duties
1014 2006 1043 2056 os
1066 2022 1082 2055 a
1104 2013 1210 2069 country

205 2091 356 2155 gentleman.

496 2219 521 2260 C.
543 2219 655 2260 PLINIUS
675 2219 801 2261 mcum
820 2219 875 2260 SUO
895 2219 918 2259 S.

250 2339 425 2418 Refugeram
452 2340 483 2398 in
509 2340 633 2411 Tuscos
662 2350 694 2400 ut
724 2343 825 2400 omnia
852 2340 890 2399 ad
923 2341 1072 2399 arbitrium
1107 2357 1209 2397 meum

207 2439 341 2499 facerem.
384 2439 424 2497 At
437 2438 493 2498 hoc
508 2459 545 2498 ne
562 2439 593 2497 in
608 2437 714 2499 Tuscis
734 2441 867 2516 quidem:
890 2448 950 2498 tam
963 2439 1062 2498 multis
1077 2439 1209 2516 undique

207 2540 380 2598 rusticorum
399 2537 501 2596 libellis
522 2547 551 2596 et
571 2547 631 2596 tam
653 2539 777 2615 querulis
798 2539 953 2615 inquietor,
968 2556 1043 2613 quos
1058 2538 1209 2615 aliquanto

208 2638 302 2713 magis
319 2637 423 2695 invitus
438 2655 525 2713 quarn
540 2654 626 2696 meos
641 2637 725 2713 lego;
747 2655 816 2695 nam
836 2647 865 2696 et
886 2654 969 2696 meos
990 2637 1103 2695 invitus.
1146 2636 1208 2696 Re-

207 2744 299 2792 tracto
315 2735 393 2792 enim
407 2734 584 2793 actiunculas
603 2735 754 2811 quasdam,
773 2734 853 2811 quod
871 2747 939 2811 post
959 2735 1231 2810 intercapedinem5

208 2832 347 2908 temporis
361 2842 390 2890 et
400 2833 535 2908 frigidum
547 2843 575 2891 et
590 2835 726 2892 acerbum
741 2843 792 2892 est.
835 2833 977 2893 Rationes
988 2834 1071 2910 quasi
1085 2834 1208 2893 absente

208 2950 257 2990 me
273 2930 484 3007 ‚negleguntur
541 2929 691 2989 interdum
718 2939 818 2990 tamen
845 2950 952 3007 equum
980 2931 1151 2991 conscendo
1180 2942 1209 2991 et

208 3039 322 3107 patrem
341 3028 467 3088 familiae
485 3028 625 3088 hactenus
646 3048 712 3106 ag0‚
733 3031 812 3106 quod
837 3031 963 3107 aliquam
986 3040 1098 3107 partem
1123 3049 1207 3107 prae·
1291 3107 1292 3110 Ἴ

210 3129 332 3199 diorum,
358 3127 410 3186 sed
438 3145 492 3204 pro
516 3129 678 3204 gestatione
702 3147 847 3205 percurro.
889 3128 938 3188 Tu
964 3130 1207 3190 consuetudinem
1291 3115 1292 3173 ἶ

209 3245 289 3286 serva
303 3227 445 3302 nobisque
460 3226 501 3284 sic
514 3226 627 3286 rusticis
640 3228 753 3286 urbana
766 3237 830 3288 acta
843 3228 998 3306 perscribe.
1040 3227 1123 3287 Vale.
1223 3251 1250 3286 10
