2636 3980
182 212 340 262 LETTERS
364 213 407 261 01¹¹
429 214 458 264 C.
477 214 623 261 PLINIUS
645 211 830 262 CAECILIUS
851 211 1042 260 SECUNDUS.
1078 214 1121 279 43

131 373 201 447 quid
215 383 313 449 ageret
332 391 404 450 puer
424 374 619 451 respondebat
641 375 733 432 ‘bene
755 373 868 449 quievit,
883 373 1004 432 libenter
1025 371 1123 428 cibum

94 471 274 546 15sumpsit’.
325 470 448 544 Deinde,
473 490 541 531 cum
559 473 615 535 diu
643 473 786 531 cohibitae
813 472 947 531 lacrimae
975 471 1123 528 vincerent

62 581 415 725 ffflffumpefemque’
455 571 671 647 egrediebatur:
721 582 789 630 tunc
824 589 855 630 se
890 569 983 630 dolori
1018 569 1123 626 dabat:

69 686 80 699 ⁹
132 685 162 725 sa
175 677 232 726 rata
253 668 337 727 siccis
358 669 450 728 oculis
471 670 635 746 composito
649 669 728 728 vultu
748 670 867 741 redibat,
882 680 1031 745 tamquam
1046 666 1122 724 orbi-

131 776 219 824 tatem
239 765 308 825 foris
329 767 496 845 reliquisset.
543 767 725 828 Praeclarum
750 769 868 844 quidem
891 767 960 826 illud
981 766 1120 835 eiusdem,

130 863 237 922 ferrum
272 865 420 940 stringere,
448 865 599 942 perfodere
633 877 743 943 pectuS,
776 867 924 925 extrahere
952 865 1119 942 pugionem,

92 988 122 1022 ιο
130 964 276 1039 porrigere
309 964 422 1034 marito,
456 964 562 1024 addere
597 983 700 1024 vocem
733 966 925 1024 immortalem
960 983 994 1023 ac
1028 980 1123 1039 paene

131 1063 257 1121 divinam
279 1063 393 1134 ‘Paete
417 1081 479 1121 non
501 1063 596 1122 dolet.'
640 1065 698 1123 Sed
723 1074 821 1123 tamen
845 1065 899 1122 ista
921 1063 1044 1132 lacienti,
1067 1063 1122 1119 ista

131 1161 236 1219 dicenti
258 1161 350 1237 gloria
374 1169 403 1218 et
427 1162 579 1220 aeternitas
602 1175 668 1222 ante
689 1163 792 1222 oeulos
815 1172 912 1220 erant:
945 1178 1004 1257 qpp
1028 1161 1121 1218 maius

131 1269 174 1316 est
197 1261 258 1317 sine
281 1259 411 1337 praemio
439 1260 619 1333 aeternitatis
644 1262 705 1320 sine
730 1263 858 1338 praemio
883 1260 991 1336 gloriae
1016 1258 1122 1317 abdere
1149 1243 1156 1260 ⁸

129 1357 270 1429 lacrimas,
298 1358 411 1433 operire
444 1357 562 1430 luctum,
591 1361 757 1437 amissoque
784 1361 842 1418 filio
877 1367 999 1417 matrem
1026 1356 1122 1415 adhuc

91 1479 120 1528 ²5
131 1473 225 1531 agere.
269 1455 474 1514 Scribonianus
494 1475 575 1515 arma
593 1459 624 1516 in
639 1457 752 1536 illyrico
771 1467 872 1517 contra
891 1455 1045 1516 Claudium
1059 1472 1123 1513 mo·

131 1564 225 1612 verat:
268 1553 360 1613 fuerat
387 1555 491 1614 Paetus
525 1557 556 1614 in
584 1558 712 1632 partibus
747 1567 775 1619 et
802 1557 901 1617 occiso
930 1554 1122 1614 Scriboniano

131 1651 259 1710 Romam
276 1651 447 1712 trahebatur.
489 1655 558 1713 Emt
578 1673 750 1716 ascensums
769 1674 887 1715 navem:
917 1654 1001 1713 Arria
1019 1652 1122 1710 milites

129 1751 232 1810 orabat
246 1761 277 1810 ut
290 1752 375 1811 simul
389 1753 584 1829 inponeretur.
636 1755 767 1832 ‘Nempe
787 1753 878 1814 enim’
898 1753 990 1828 inquit
1011 1749 1123 1808 ‘daturi

127 1849 199 1910 ,estis
213 1850 357 1909 consulari
376 1852 436 1911 viro
458 1853 584 1911 servulos
606 1853 727 1930 ahquos‚
743 1870 867 1929 quorum
886 1867 1005 1909 emanu
1026 1848 1123 1907 cibum

90 1969 121 2016 30
130 1949 232 2023 capiat,
256 1967 274 2007 a
298 1949 402 2025 quibus
427 1951 570 2022 vestiatur,
593 1952 735 2027 aquibus
758 1950 909 2008 calcietur:
941 1947 1039 2006 omnia
1061 1945 1123 2003 sola

130 2045 300 2123 praestabo!
356 2048 427 2108 Non
453 2051 630 2125 impetravit:
673 2049 812 2108 conduxit
839 2046 1023 2124 piscatoriam
1051 2063 1122 2102 nau-

129 2146 226 2204 culam
253 2147 414 2224 ingensque
445 2149 589 2224 navigium
624 2149 747 2208 minimo
777 2158 875 2207 secuta
900 2156 953 2205 est.
1009 2143 1123 2204 Eadem

130 2245 209 2320 apud
237 2244 389 2305 Claudium
423 2249 508 2305 uxori
543 2245 563 2316 S
597 2248 611 2324 ’Ἰ
639 2247 828 2340 ἐῆῃρῂωω
863 2245 908 2304 illa
943 2244 1123 2321 profiteretur

128 2345 276 2414 indicium,
292 2346 378 2421 ‘ego'
400 2347 492 2422 inquit
514 2352 561 2405 ‘te
580 2347 706 2419 audiam,
722 2347 803 2406 cuius
824 2347 854 2404 in
873 2345 984 2421 gremio
1007 2343 1123 2402 Scribo-

88 2464 118 2511 35
128 2445 234 2502 nianus
249 2444 364 2503 occisus
381 2454 432 2515 est,
447 2455 476 2502 et
489 2445 592 2504 vivis?'
616 2465 654 2505 ex
673 2463 732 2522 quo
751 2444 934 2503 manifestum
954 2455 997 2502 est
1012 2444 1038 2500 ei
1053 2460 1123 2500 con·

129 2543 225 2601 silium
239 2537 447 2618 pulcherrimae
461 2544 563 2602 mortis
577 2563 638 2603 non
652 2539 778 2603 subitum
792 2543 888 2602 fuisse.
931 2542 1012 2614 Quin
1026 2541 1122 2610 etiam,

129 2659 198 2700 cum
226 2640 366 2712 Thrasea,
391 2660 481 2717 gener
509 2643 578 2715 eius,
605 2643 805 2718 deprecaretur
829 2660 866 2700 ne
890 2642 964 2700 mori
992 2650 1124 2717 pergeret

128 2742 261 2816 interque
285 2741 341 2798 alia
365 2741 484 2800 dixisset
509 2743 567 2800 ‘vis
591 2760 662 2818 ergo
685 2742 773 2800 filiam
797 2751 886 2812 tuam,
911 2741 935 2799 si
963 2740 1034 2799 mihi
1058 2759 1123 2816 per-

128 2841 259 2900 eundum
274 2840 365 2913 fuerit,
380 2841 454 2899 mori
467 2840 614 2899 mecum?'
635 2842 785 2919 respondit
799 2842 840 2899 ‘si
854 2851 913 2899 tam
925 2842 973 2899 diu
988 2851 1124 2917 tantaque

86 2954 119 3003 40
128 2939 289 2999 concordia
303 2939 402 2997 vixerit
416 2949 521 3009 tecum,
537 2957 624 3014 quam
645 2958 702 3016 ego
724 2959 791 3000 curn
807 2939 904 3010 Paeto,
921 2939 1004 2999 volo!
1045 2941 1125 2999 Aux-

129 3047 193 3096 erat
213 3036 270 3097 hoc
291 3055 434 3113 responso
458 3056 558 3098 curam
582 3056 710 3110 suorum,
734 3039 868 3098 attentius
893 3039 1124 3098 custodiebatur:

127 3137 221 3196 sensit
234 3145 263 3195 et
282 3137 369 3195 ‘nihil
384 3135 479 3211 agitis'
491 3138 599 3214 inquit:
622 3138 761 3214 ‘potestis
780 3138 859 3195 enim
879 3136 991 3196 efficere
1007 3149 1037 3195 ut
1050 3138 1126 3199 male

127 3235 244 3305 moriar,
271 3245 304 3294 ut
331 3253 392 3293 non
419 3236 526 3294 moriar
554 3253 615 3294 non
649 3232 789 3312 potestis!
841 3234 922 3293 Dum
949 3235 1020 3294 haec
1049 3236 1124 3307 dicit,

128 3334 229 3394 exiluit
257 3333 392 3393 cathedra
423 3335 602 3411 adversoque
637 3334 738 3410 parieti
766 3344 852 3410 caput
879 3335 989 3409 ingenti
1015 3334 1126 3410 impetu

86 3445 117 3493 45
128 3432 252 3509 impegit
265 3441 294 3490 et
308 3433 420 3490 corruit.
462 3431 591 3491 Focilata
610 3433 771 3491 ‘dixeram'
793 3433 886 3509 inquit
907 3433 1007 3491 ‘vobis
1025 3427 1126 3491 inven-

128 3543 225 3590 turam
238 3548 287 3588 me
305 3531 462 3606 quamlibet
483 3531 584 3589 duram
605 3531 642 3589 ad
664 3540 787 3590 mortem
801 3532 886 3603 viam,
902 3532 991 3589 sivos
1011 3531 1125 3590 facilem

126 3628 309 3706 negassetis!
350 3628 530 3690 Videnturne
551 3630 624 3691 haec
646 3630 697 3690 tibi
717 3632 829 3691 maiora
853 3629 901 3689 illo
927 3629 1043 3703 ‘Paete
1065 3647 1126 3689 non
