2636 3980
174 210 335 260 LETTERS
358 207 401 262 OE
424 213 452 265 C.
469 211 617 263 PLINIUS
640 215 827 266 CAECILIUS
848 217 1038 267 SECUNDUS.
1073 215 1113 286 37

125 385 194 442 ossa,
213 373 343 444 musculi,
361 375 450 448 nervi,
465 395 563 446 venae,
584 393 673 451 rugae
695 377 782 434 etiam
803 385 835 434 ut
856 377 988 452 spirantis
1010 393 1113 451 appar·

125 481 176 540 ent,
192 472 246 528 rari
265 483 293 530 et
312 473 448 532 cedentes
463 475 564 551 capilli,
580 475 637 533 lata
657 473 745 545 frons
761 484 909 533 contracta
927 474 1024 546 iacies,
1040 474 1114 532 exile

125 567 233 640 collum,
250 572 378 646 pendent
399 573 506 642 lacerti,
528 573 650 650 papillae
672 575 777 644 iacent,
799 585 898 632 venter
918 573 1044 631 recessit.
1087 572 1114 630 A

89 682 117 719 ιο
125 677 200 742 tergo
216 687 333 746 quoque
349 672 452 731 eadem
466 682 545 730 aetas
563 683 594 731 ut
608 692 624 730 a
638 683 728 747 tergo.
772 673 831 731 Aes
851 674 957 749 ipsum,
973 682 1113 749 quantum

124 783 201 824 verus
233 768 314 827 color
347 771 464 841 indicat,
494 783 575 828 vetus
605 780 632 828 et
668 771 826 846 antiquum.
870 770 953 829 Talia
989 771 1114 847 denique
1190 793 1197 806 ⁸

125 864 227 936 omnia,
241 877 273 924 ut
293 871 405 944 possint
427 870 567 928 artificum
589 869 690 927 oculos
712 879 816 941 tenere,
837 871 979 929 delectare
999 870 1115 944 imperi-

124 961 224 1022 torum}
281 965 370 1038 Quod
403 987 451 1026 me
480 982 656 1045 quamquam
685 969 857 1026 tirunculum
887 970 1045 1028 sollicitavit
1078 968 1116 1026 ad

124 1063 286 1122 emendum.
328 1065 396 1123 Emi
416 1076 522 1135 autem,
537 1083 598 1123 non
617 1076 649 1123 ut
668 1066 806 1124 haberem
821 1069 901 1127 domi
914 1066 1021 1147 (neque
1037 1062 1132 1125 enim

87 1157 209 1225 15ullum
237 1161 332 1220 adhuc
354 1163 536 1222 Corinthium
558 1162 638 1221 domi
663 1161 779 1241 habeo),
801 1184 898 1223 verum
920 1175 952 1224 ut
974 1167 1003 1222 in
1025 1167 1117 1239 patria

125 1268 220 1316 nostra
234 1261 338 1319 celebri
352 1263 419 1321 loco
434 1281 582 1338 ponerem,
598 1277 632 1320 ac
647 1263 831 1338 potissimum
849 1265 879 1321 in
894 1264 972 1322 lovis
986 1262 1114 1337 templo:

124 1354 231 1414 videtur
258 1361 336 1417 enirn
365 1361 486 1438 dignum
513 1361 634 1437 templ0,
662 1361 783 1436 dignum
812 1362 868 1420 deo
896 1363 1014 1420 donum.
1067 1359 1116 1418 Tu

125 1471 200 1528 ergo,
222 1466 253 1514 ut
282 1460 359 1518 soles
380 1463 480 1519 omnia
505 1476 579 1538 quae
601 1480 618 1520 a
640 1477 687 1519 me
712 1462 762 1518 tibi
787 1462 981 1537 iniunguntur,
1004 1456 1117 1535 suscipe

124 1551 198 1612 hanc
227 1574 326 1617 curam
354 1569 383 1616 et
410 1561 467 1616 iam
496 1577 574 1618 nunc
604 1560 671 1617 lube
699 1560 793 1617 basim
814 1561 875 1618 fieri
897 1579 933 1618 ex
959 1577 1017 1636 quo
1039 1559 1117 1616 voles

86 1667 115 1702 20
124 1665 275 1727 marmore,
301 1671 376 1732 quae
405 1673 514 1716 nomen
542 1673 641 1716 meum
669 1657 853 1734 honoresque
881 1659 985 1734 capiat,
1012 1659 1035 1716 si
1063 1657 1118 1714 hos

124 1767 239 1826 quoque
261 1756 374 1830 puta-bis
396 1757 555 1815 addendos.
598 1757 663 1832 Ego
684 1757 800 1832 signum
821 1757 925 1832 ipsum,
940 1767 971 1814 ut
993 1757 1118 1832 primum

123 1849 261 1910 invenero
285 1855 410 1930 aliquem
431 1857 481 1930 qui
510 1873 570 1913 non
598 1864 740 1930 gravetur,
761 1855 874 1912 mittam
902 1855 952 1912 tibi
974 1854 1017 1911 vel
1045 1855 1116 1929 ipse,

124 1951 204 2026 quod
231 1955 330 2023 mavis,
359 1953 488 2012 adferam
521 1967 645 2012 mecum.
698 1952 820 2010 Destino
849 1953 935 2023 enirn,
963 1953 987 2010 si
1020 1961 1118 2009 tamen

113 2035 210 2106 ‘officii
236 2053 308 2110 ratio
336 2053 505 2130 permiserit,
527 2065 678 2110 excurrere
706 2051 770 2109 isto.
814 2050 934 2109 Gaudes
962 2050 1043 2126 quod
1070 2067 1119 2106 me

83 2173 112 2222 ²5
124 2157 274 2206 venturum
289 2169 351 2208 esse
365 2151 513 2226 polliceor,
526 2151 577 2208 sed
593 2151 744 2208 contrahes
756 2151 890 2219 frontem,
903 2167 970 2208 cum
985 2148 1118 2209 adiecero

123 2245 161 2302 ad
182 2263 290 2322 paucos
310 2248 388 2308 dies:
411 2250 599 2324 nequeenim
619 2249 724 2307 diutius
744 2250 848 2308 abesse
865 2267 912 2306 me
927 2248 1031 2307 eadem
1046 2246 1118 2304 haec

122 2363 199 2420 quae
214 2348 345 2405 nondum
359 2348 436 2406 exire
450 2349 603 2426 patiuntur.
644 2325 727 2406 Vale.

368 2749 370 2754 Ι
455 2661 506 2719 27.
549 2651 677 2737 (Boon
701 2679 727 2734 3.
751 2656 790 2738 7.)
811 2635 848 2712 l

156 2808 229 2871 Pliny
240 2807 308 2871 gives
322 2823 338 2855 a
354 2806 440 2856 sketch
453 2805 482 2854 os
494 2806 535 2854 the
552 2804 595 2854 life·
611 2805 659 2854 and
675 2806 782 2854 abilities
794 2804 823 2854 os
834 2805 908 2854 Silius
921 2805 962 2853 the
980 2812 1052 2869 poet3
1073 2805 1121 2853 and

118 2889 195 2939 takes
212 2890 325 2938 occasion
338 2891 371 2952 by
382 2889 420 2937 his
432 2888 506 2936 death
522 2887 584 2936 both
597 2896 622 2936 to
634 2887 716 2937 reflect
732 2905 764 2937 on
777 2889 818 2938 the
835 2889 959 2937 shortness
973 2889 1003 2936 of
1013 2887 1061 2945 lise,
1073 2887 1121 2936 and

117 2974 198 3040 again
210 2979 237 3021 to
249 2988 309 3036 urge
322 2971 440 3021 Caninius
452 2977 478 3018 to
491 2970 590 3032 literary
600 2969 678 3020 effort.
1093 2970 1094 2973 ’

367 3128 392 3168 Ca
414 3125 526 3166 PLINIUS
547 3126 663 3168 cntinuo
685 3127 762 3168 RUFO
784 3125 838 3168 SUO
859 3125 881 3167 S.

162 3251 261 3339 Modo
287 3256 434 3315 nuntiatus
463 3266 507 3315 est
536 3256 621 3315 Silius
650 3251 768 3314 Italicus
796 3253 825 3313 ln
851 3251 1048 3332 Neapolitano
1070 3271 1123 3312 suo

116 3353 222 3415 inedia
236 3355 333 3414 finisse
348 3357 443 3414 vitam.
486 3354 583 3413 Causa
598 3354 699 3412 mortis
713 3353 855 3414 valetudo.
898 3355 966 3412 Erat
985 3354 1023 3411 illi
1041 3361 1125 3410 natus

116 3453 292 3514 insanabilis
308 3453 412 3524 clavus,
428 3455 509 3512 cuius
529 3452 625 3511 taedio
646 3454 682 3511 ad
704 3464 828 3512 mortem
849 3453 1034 3512 inrevocabili
1054 3466 1125 3510 con-

116 3553 229 3614 stantia
247 3553 417 3638 decucurrit,
432 3567 525 3628 usque
547 3552 583 3611 ad
604 3567 770 3629 supremum
790 3551 867 3610 diem
886 3553 988 3609 beatus
1006 3561 1034 3608 et
1048 3548 1124 3615 felix,

90 3653 178 3716 snisi
201 3651 282 3729 quod
302 3652 446 3710 minorem
466 3669 502 3709 ex
524 3651 618 3710 liberis
640 3652 756 3710 duobus
778 3651 887 3723 amisit;
912 3649 964 3708 sed
984 3649 1125 3708 maiorem
