2636 3980
176 200 335 248 LETTERS
359 202 402 249 OF
425 202 453 251 C.
469 202 617 248 PLINIUS
641 201 827 248 CAECILIUS
848 197 1040 248 SECUNDUS.
1085 196 1126 266 53

131 361 291 420 conducere
316 372 528 438 praeceptores,
554 363 691 439 quodque
715 379 792 419 nunc
817 361 847 418 in
870 358 1071 427 habitationes
1095 355 1126 412 in

94 477 122 510 20
130 460 237 532 viatica,
252 461 283 518 in
305 481 339 520 ea
360 481 434 539 quae
455 481 576 540 peregre
598 470 733 520 emuntur
754 458 866 539 (omnia
887 466 984 516 autem
1004 472 1125 532 peregre

129 557 274 636 emuntur)
288 561 444 637 inpenditis
464 561 578 619 adicere
599 559 801 617 mercedibus?
844 557 940 633 Atque
962 554 1036 614 adeo
1059 570 1125 628 eg0‚

129 658 175 732 qui
204 658 335 716 nondum
363 659 471 718 liberos
498 660 603 731 habeo,
631 667 747 735 paratus
777 675 842 716 sum
870 674 923 732 pro
951 673 982 712 re
1010 652 1127 729 publica

128 765 233 828 nostra,
249 759 332 831 quasi
347 776 400 833 pro
420 759 476 816 filia
491 759 535 816 vel
554 768 682 835 parente,
697 758 810 816 tertiam
829 766 941 832 partem
963 753 1023 811 eius
1045 750 1126 827 quod

128 853 257 914 conferre
279 857 361 914 vobis
383 857 509 933 placebit
534 859 610 916 dare.
653 856 765 916 Totum
788 856 875 914 etiarn
897 853 1055 930 pollicerer,
1071 849 1125 906 nisi

89 970 118 1017 25
128 953 257 1012 timerem
278 974 315 1013 ne
329 954 386 1013 hoc
401 975 506 1014 munus
521 975 620 1014 meum
640 955 815 1032 quandoque
835 953 944 1012 ambitu
959 966 1124 1024 corrumpe-

127 1061 210 1124 retur,
225 1064 256 1109 ut
279 1053 410 1112 accidere
430 1055 526 1114 multis
547 1057 577 1112 in
601 1055 673 1112 locis
699 1053 792 1124 video,
807 1053 837 1110 in
860 1051 964 1128 quibus
986 1066 1125 1125 praecep·

127 1161 203 1210 tores
217 1152 331 1228 publice
346 1153 555 1212 conducuntur.
598 1153 676 1212 Huic
691 1154 759 1211 vitio
781 1151 893 1211 occurri
912 1167 972 1207 uno
994 1146 1124 1206 remedio

127 1259 230 1325 potest,
246 1251 269 1308 si
284 1251 450 1328 parentibus
466 1253 535 1311 solis
555 1254 598 1311 ius
617 1251 801 1310 conducendi
820 1251 996 1324 relinquatur
1016 1246 1124 1304 isdem-

126 1369 182 1427 que
211 1351 310 1426 religio
338 1361 414 1410 recte
443 1352 587 1410 iudicandi
613 1353 785 1411 necessitate
812 1349 972 1408 collationis
994 1345 1123 1406 addatur.

87 1467 117 1516 30
126 1448 204 1506 Nam
219 1449 267 1526 qui
282 1447 402 1508 fortasse
418 1451 455 1508 de
469 1451 564 1509 alieno
579 1453 776 1527 neglegentes,
791 1459 867 1508 certe
882 1449 919 1508 de
935 1464 987 1506 suo
1002 1445 1123 1520 diligen-

125 1557 168 1606 tes
189 1558 271 1606 erunt
291 1548 458 1625 dabuntque
480 1568 599 1626 operam
620 1570 658 1608 ne
680 1570 698 1608 a
719 1568 766 1608 me
787 1549 942 1625 pecuniam
962 1538 1050 1626 [non]
1069 1542 1125 1601 nisi

125 1647 229 1723 dignus
258 1649 387 1724 accipiat,
415 1649 438 1707 si
463 1659 633 1725 accepturus
662 1660 690 1708 et
718 1651 756 1708 ab
783 1649 854 1725 ipsis
882 1647 940 1704 erit.
996 1641 1123 1701 Proinde

124 1743 294 1819 consentite,
309 1749 473 1823 conspirate
494 1750 693 1826 maioremque
713 1749 842 1812 animum
864 1764 900 1804 ex
919 1760 988 1801 meo
1009 1740 1122 1810 sumite,

124 1847 173 1922 qui
205 1847 292 1922 cupio
321 1864 384 1905 esse
413 1865 501 1922 quarn
533 1848 689 1924 plurimum
717 1847 798 1922 quod
830 1845 953 1902 debeam
982 1839 1121 1899 conferre.

82 1957 113 2006 35
124 1944 203 2002 Nihil
222 1944 373 2003 honestius
394 1955 540 2021 praestare
561 1945 658 2004 liberis
677 1946 786 2015 vestris
802 1942 872 2002 nihil
886 1940 994 2016 gratius
1015 1938 1123 2014 patriae
1152 2001 1154 2005 Α

123 2044 252 2120 potestis.
302 2043 471 2102 Educentur
490 2043 537 2101 hic
566 2045 616 2120 qui
644 2043 691 2102 hic
722 2051 881 2101 nascuntur
906 2039 1061 2112 statimque
1085 2037 1123 2094 ab

122 2141 244 2223 infantia
258 2143 352 2202 natale
367 2143 461 2202 solum
476 2161 572 2202 amare
586 2143 767 2219 frequentare
782 2147 981 2200 consuescant.
1024 2138 1123 2212 Atque

123 2242 234 2305 utinam
248 2251 308 2300 tam
323 2242 416 2301 claros
431 2252 633 2320 praeceptores
647 2241 799 2306 inducatis,
813 2249 845 2298 ut
860 2238 990 2296 finitimis
1005 2235 1122 2312 oppidis

123 2341 218 2399 studia
232 2342 299 2400 hinc
318 2351 461 2417 petantur,
476 2352 563 2419 utque
583 2360 660 2398 nunc
681 2339 762 2398 liberi
781 2337 865 2396 vestri
884 2335 978 2394 aliena
998 2334 1029 2391 in
1048 2333 1121 2402 loca,

78 2457 113 2505 40
122 2441 162 2498 ita
176 2458 247 2498 mox
261 2441 346 2499 alieni
360 2441 390 2498 in
404 2441 483 2499 hunc
496 2440 595 2498 locum
610 2439 760 2498 confluant
772 2435 789 2494 l’
827 2434 911 2494 Haec
926 2432 1023 2509 putavi
1038 2430 1121 2488 altius

121 2548 151 2596 et
173 2529 254 2615 qua'si
273 2559 290 2597 a
309 2538 390 2598 fonte
411 2538 578 2615 repetenda,
593 2555 652 2616 quo
672 2538 766 2612 magis
788 2536 885 2606 scires,
900 2550 989 2610 quam
1005 2538 1121 2607 gratum

121 2638 193 2696 mihi
216 2638 296 2709 foret,
319 2639 342 2697 si
365 2639 525 2714 susciperes
549 2637 628 2714 quod
650 2637 780 2712 iniungo.
828 2635 955 2708 Iniungo
980 2638 1121 2688 autemet

99 2793 101 2798 ,
120 2753 175 2814 pro
190 2737 231 2794 rei
248 2736 447 2813 magnitudine
466 2755 540 2812 rogo
561 2748 593 2795 ut
613 2754 650 2794 ex
672 2737 756 2811 copia
777 2733 979 2799 studiosorum,
994 2745 1069 2805 quae
1083 2727 1123 2784 ad

120 2847 150 2894 te
173 2853 209 2894 ex
233 2835 422 2895 admiratione
446 2836 555 2912 ingenii
576 2836 617 2892 tui
638 2834 782 2903 convenit,
802 2829 1016 2905 circumspicias
1037 2843 1121 2902 prae·
1205 2880 1207 2884 ,

76 2952 109 2999 45
121 2945 264 3012 ceptores,
281 2952 355 3011 quos
371 2935 522 2994 sollicitare
536 2934 691 3011 possimus,
707 2934 761 2990 sub
776 2949 810 2989 ea
824 2940 923 2988 tamen
937 2925 1119 2994 condicione,

119 3053 159 3093 ne
175 3036 221 3093 cui
236 3034 324 3117 fiderp
338 3053 435 3093 meam
450 3034 637 3109 obstringam.
682 3031 791 3091 Omnia
805 3030 883 3086 enirn
893 3028 982 3086 libera
997 3023 1120 3102 parenti-

118 3135 176 3192 bus
190 3151 290 3192 servo:
315 3133 354 3192 illi
368 3134 504 3205 iudicent,
519 3132 558 3190 illi
577 3132 700 3209 eligant3
724 3147 781 3206 ego
800 3127 870 3186 mihi
888 3144 987 3185 curam
1007 3132 1120 3181 tantum

117 3244 148 3292 et
173 3233 342 3309 inpendium
367 3231 491 3292 vindico
533 3230 658 3289 Proinde
683 3229 771 3305 siquis
799 3227 883 3287 fuerit
906 3233 1044 3301 repertus,
1070 3189 1149 3296 qui)

117 3331 239 3408 ingenio
255 3350 308 3390 suo
323 3331 400 3404 fidat,
416 3342 462 3390 eat
476 3331 540 3389 illuc
556 3350 590 3389 ea
604 3330 677 3405 lege,
693 3339 724 3389 ut
743 3329 809 3386 hinc
829 3326 899 3384 nihil
918 3323 995 3384 aliud
1009 3327 1118 3380 certum

74 3443 210 3508 50quam
223 3431 359 3491 fiduciam
374 3449 456 3490 suam
472 3431 549 3490 ferat.
591 3427 674 3488 Vale.
1148 3423 1155 3449 ‘
