2626 3976
158 157 318 206 LETTERS
342 158 386 206 OE
408 159 439 207 C.
454 158 603 208 PLINIUS
625 158 812 207 CAECILIUS
832 159 1025 210 SECUNDUS.
1071 149 1110 211 81

113 316 212 393 diligo,
226 318 354 394 primum
369 327 402 377 ut
414 337 546 378 sororem
567 317 675 378 Corelli
694 319 773 390 Rufi,
788 319 870 378 cuius
889 319 959 378 mihi
973 321 1115 380 memoria

67 443 99 478 10
113 427 298 476 sacrosancta
333 427 386 488 est,
416 418 522 477 deinde
557 427 588 477 ut
623 419 708 476 matri
742 437 826 476 meae
854 417 1115 478 familiarissimam.

112 515 186 574 Sunt
206 516 277 574 mihi
298 527 327 574 et
351 535 419 575 cum
439 518 543 576 marito
564 517 634 588 eius,
655 516 778 576 Minicio
799 517 891 589 Iuste,
910 519 1022 600 optimo
1044 521 1114 590 vim,

111 624 206 673 vetera
226 615 304 687 iura;
334 614 450 674 fuerunt
471 625 586 674 etcum
607 616 667 674 filio
687 615 824 686 maxima,
844 617 919 675 adeo
941 617 1068 693 quidem,
1082 628 1115 677 ut

111 724 244 791 praetore
269 733 317 772 me
342 714 417 773 ludis
438 716 512 774 meis
534 715 721 792 praesederit.
769 714 863 786 Haec,
888 733 955 773 cum
980 717 1114 793 proxime

110 814 174 871 istic
184 812 233 886 fui,
242 813 380 871 indicavit
394 813 464 871 mihi
479 832 585 890 cupere
596 832 628 872 se
639 813 747 890 aliquid
758 813 835 871 circa
849 813 968 872 Larium
982 825 1114 874 nostrum

66 939 97 988 15
111 911 270 987 possidere.
312 911 379 987 Ego
402 911 443 970 illi
465 930 501 970 ex
522 913 648 988 praediis
666 913 740 971 meis
760 912 841 988 quod
858 912 943 970 vellet
965 923 994 972 et
1015 915 1115 991 quanti

111 1010 196 1069 vellet
210 1010 301 1069 obtuli
315 1010 445 1086 exceptis
463 1011 601 1070 maternis
620 1012 823 1088 paternisque:
853 1011 898 1069 his
917 1011 996 1070 enim
1011 1012 1115 1070 cedere

111 1128 149 1168 ne
173 1107 313 1168 Corelliae
338 1109 456 1186 quidem
476 1127 609 1185 possum.
651 1109 742 1185 Igitur
767 1127 835 1167 cum
857 1109 1023 1168 obvenisset
1044 1111 1116 1169 mihi

110 1207 262 1279 hereditas,
277 1207 308 1264 in
322 1225 381 1282 qua
398 1206 518 1282 praedia
537 1207 599 1278 ista,
615 1207 716 1282 scripsi
736 1208 762 1265 ei
777 1207 890 1266 venalia
903 1207 1005 1267 futura
1049 1209 1115 1269 Has

111 1307 248 1382 epistulas
262 1305 389 1364 Hermes
404 1306 466 1364 tulit
480 1305 667 1383 exigentique
681 1315 712 1364 ut
727 1307 823 1364 statim
838 1307 1004 1383 portionem
1017 1327 1116 1369 meam

65 1433 98 1466 20
111 1405 165 1463 sibi
191 1404 337 1463 addiceret
360 1404 462 1480 pamit.
505 1404 605 1477 Vides
629 1423 718 1482 quam
744 1414 838 1462 ratum
862 1405 986 1464 debeam
1007 1406 1116 1468 habere

111 1504 192 1580 quod
206 1504 323 1562 libertus
341 1522 425 1562 meus
440 1503 514 1562 meis
533 1504 663 1563 moribus
682 1503 780 1580 gessit.
824 1503 963 1580 Superest
981 1514 1013 1563 ut
1027 1506 1116 1565 cohe-

111 1602 196 1660 redes
210 1619 305 1678 aequo
320 1602 418 1660 animo
433 1601 527 1660 ferant
541 1603 697 1680 separatim
711 1622 759 1661 me
769 1604 935 1662 vendidisse
950 1604 1031 1684 quod
1045 1605 1117 1664 mihi

110 1701 190 1760 licuit
203 1701 324 1759 omnino
339 1719 401 1759 non
415 1701 549 1762 vendere.
584 1701 649 1760 Nec
660 1721 729 1762 vero
739 1713 884 1780 coguntur
898 1703 1002 1764 imitari
1015 1721 1115 1763 meum

111 1799 295 1875 exemplum:
318 1818 380 1858 non
393 1802 473 1858 enim
483 1801 537 1859 illis
549 1802 654 1861 eadem
665 1820 732 1860 cum
744 1800 870 1860 Corellia
882 1802 953 1863 iura.
988 1801 1116 1862 Possunt

66 1926 96 1974 ²5
111 1916 184 1974 ergo
194 1898 298 1957 intueri
308 1899 459 1958 utilitatem
474 1917 567 1970 suam,
579 1917 634 1975 pro
646 1917 705 1976 qua
715 1899 786 1958 mihi
800 1898 853 1958 fuit
863 1899 997 1959 amicitia.
1032 1899 1114 1960 Vale.

434 2139 490 2192 aa.
533 2130 663 2212 (aoorr
685 2145 712 2208 7.
737 2130 798 2212 η.)

146 2273 256 2323 Corellia
272 2274 318 2322 has
334 2273 412 2322 found
430 2280 474 2321 out
491 2273 533 2322 the
550 2273 690 2338 advantage
707 2273 750 2324 she
766 2275 811 2324 has
827 2275 890 2324 been
909 2273 1016 2325 allowed
1031 2273 1057 2324 in
1072 2275 1118 2325 her

112 2356 241 2420 pmchase,
253 2356 302 2405 and
313 2355 402 2405 wishes
417 2362 444 2404 to
460 2372 510 2420 pay
521 2357 563 2406 the
579 2356 626 2406 full
637 2357 712 2421 price,
724 2357 806 2406 which
822 2357 938 2408 however
949 2357 1021 2421 Pliny
1031 2358 1118 2422 gently

112 2441 158 2488 but
170 2438 252 2502 firmly
263 2438 362 2488 refuses.

376 2585 401 2625 C.
423 2584 538 2626 PLINIUS
558 2585 723 2627 CORELLIAE
742 2586 815 2626 SUAE
836 2585 859 2626 S.

154 2697 203 2756 Tu
224 2698 344 2775 quidem
364 2699 579 2770 honestissime,
601 2700 682 2776 quod
705 2709 766 2758 tam
786 2701 909 2775 inpense
932 2707 961 2757 et
980 2717 1069 2776 rogas
1089 2707 1119 2760 et

110 2799 205 2872 exigis
219 2808 251 2856 ut
269 2798 364 2875 accipi
378 2799 496 2856 iubeam
508 2816 526 2855 a
539 2806 569 2856 te
588 2798 714 2874 pretium
728 2816 866 2874 agromm
880 2816 942 2856 non
956 2816 992 2856 ex
1007 2799 1117 2874 septin-

110 2897 208 2972 gentis
223 2897 347 2970 milibus,
362 2899 463 2974 quanti
477 2897 541 2956 illos
562 2915 580 2956 a
598 2897 702 2956 liberto
722 2915 798 2968 meo,
819 2896 872 2955 sed
892 2915 929 2955 ex
951 2897 1117 2973 nongentis,

110 2996 215 3071 quanti
229 3015 246 3055 a
260 2997 423 3072 publicanis
442 3007 557 3072 partem
577 2997 744 3055 vicesimam
763 2995 866 3054 emisti.
909 2993 1041 3054 Invicem
1060 3015 1118 3072 ego

82 3119 96 3167 5
110 3105 141 3153 et
154 3112 229 3170 rogo
244 3105 273 3153 et
288 3095 374 3173 exigo
388 3107 420 3154 ut
435 3114 496 3155 non
512 3096 608 3154 solum
622 3095 693 3171 quid
710 3103 748 3166 te,
762 3111 863 3153 verum
882 3094 969 3152 etiam
983 3094 1055 3171 quid
1069 3112 1118 3152 me

111 3193 215 3252 deceat
229 3193 353 3270 aspicias
367 3195 543 3272 patiarisque
558 3212 606 3253 me
621 3193 651 3251 in
665 3194 723 3251 hoc
743 3210 804 3252 uno
823 3193 875 3252 tibi
894 3193 1001 3252 eodem
1018 3193 1118 3252 animo

110 3310 285 3370 repugnare,
300 3311 361 3370 quo
375 3294 407 3351 in
421 3294 557 3354 omnibus
572 3291 696 3369 obsequi
710 3292 801 3352 soleo.
843 3290 925 3352 Vale.
989 3290 996 3302 “
