2636 3980
196 174 354 225 LETTERS
377 179 421 226 oF
443 179 472 230 C.
488 179 634 229 PLINIUS
657 177 841 228 CAECILIUS
862 180 1052 232 SECUNDUS.
1098 185 1138 250 29

143 336 328 409 servulorum,
353 357 414 397 non
439 340 527 399 maris
554 357 692 413 murmur,
717 359 779 398 non
802 350 1006 417 tempestatum
1031 350 1137 412 motus,

80 443 127 479 100
141 451 202 492 non
217 433 362 513 fulgurum
376 439 475 497 lumen
490 458 524 498 ac
541 458 579 498 ne
598 439 675 499 diem
695 440 814 516 quidem
828 441 920 512 sentit,
935 441 992 499 nisi
1006 439 1139 500 fenestris

140 535 255 609 apertis.
298 536 374 594 Tam
395 536 444 595 alti
466 538 613 614 abditique
636 539 737 597 secreti
759 538 805 596 illa
826 540 907 610 ratio,
928 538 1008 616 quod
1026 540 1138 598 interia-

140 648 210 690 cens
232 632 344 692 andron
365 635 504 711 parietem
525 635 648 695 cubiculi
667 637 801 714 hortique
822 636 972 714 distinguit
993 647 1080 714 atque
1098 638 1138 696 ita

139 746 259 788 omnem
283 750 390 791 sonum
413 734 510 794 media
534 736 674 794 inanitate
698 737 851 795 consumit.
893 736 1072 812 Adplicitum
1093 747 1137 796 est

138 827 270 887 cubiculo
298 830 500 908 hypocauston
528 834 728 911 perexiguum,
753 834 833 910 quod
861 843 985 910 angusta
1012 834 1137 894 fenestra

77 940 123 992 ¹05
139 930 321 1005 suppositum
342 932 477 1005 calorem,
492 942 523 991 ut
543 934 615 992 ratio
635 935 732 1010 exigit,
747 943 796 992 aut
815 934 937 993 effundit
954 944 1003 994 aut
1024 935 1134 994 retinet.

138 1025 302 1088 Procoeton
330 1029 398 1089 inde
426 1041 455 1091 et
484 1033 649 1092 cubiculum
676 1033 833 1110 porrigitur
861 1033 891 1090 in
919 1033 1020 1106 solem,
1048 1052 1136 1110 quem

137 1125 280 1185 orientem
302 1130 398 1187 statim
420 1141 573 1208 exceptum
592 1132 665 1190 ultra
685 1132 836 1191 meridiem
858 1131 986 1190 oblicum
1007 1133 1134 1210 quidem,

137 1224 189 1284 sed
214 1237 312 1288 tamen
337 1239 438 1288 servat.
480 1229 516 1287 In
540 1231 616 1290 hanc
638 1243 695 1306 ego
721 1229 847 1288 diaetam
868 1249 936 1289 curn
956 1249 1004 1289 me
1029 1232 1134 1307 recepi,

137 1325 239 1384 abesse
254 1327 324 1386 mihi
338 1326 423 1386 etiam
438 1347 456 1387 a
469 1327 534 1388 villa
548 1348 614 1388 mea
628 1329 734 1400 videor,
747 1343 943 1406 magnamque
958 1327 1018 1388 eius
1033 1329 1134 1407 volup·

75 1433 124 1469 110
137 1432 226 1484 tatem
248 1429 401 1505 praecipue
425 1426 622 1488 Saturnalibus
644 1429 738 1504 capia,
760 1443 830 1486 cum
848 1428 957 1505 reliqua
978 1445 1046 1505 pars
1066 1429 1134 1486 tecti

137 1522 251 1583 licentia
270 1526 380 1585 diemm
394 1523 531 1604 festisque
554 1526 726 1587 clamoribus
745 1537 897 1603 personat:
919 1546 987 1586 nam
1003 1546 1057 1587 nec
1072 1527 1135 1604 ipse

137 1639 269 1682 meorum
296 1621 405 1685 lusibus
433 1645 488 1684 nec
516 1623 555 1684 illi
584 1626 684 1686 studiis
711 1625 784 1686 meis
812 1626 990 1702 obstrepunt.
1047 1623 1133 1684 Haec

134 1722 251 1795 utilitas,
264 1721 336 1783 haec
351 1723 513 1784 amoenitas
528 1723 659 1784 deficitur
673 1737 750 1800 aqua
765 1724 887 1797 salienti,
903 1724 956 1783 sed
975 1733 1078 1800 puteos
1099 1739 1135 1782 ac

134 1822 231 1895 potius
258 1822 353 1882 fontes
381 1823 484 1882 habet:
517 1834 584 1883 sunt
612 1824 692 1882 enirn
719 1823 749 1881 in
777 1840 902 1881 summo.
943 1821 982 1881 Et
1010 1822 1132 1880 omnino

71 1925 119 1976 1¹5
134 1918 224 1977 litoris
244 1917 317 1980 illius
334 1921 406 1980 mira
425 1930 542 1981 natura:
564 1939 750 2000 quocumque
769 1921 836 1980 loco
855 1920 980 1979 moveris
1001 1919 1132 1991 humum,

134 2016 236 2076 obvius
252 2027 281 2076 et
294 2029 410 2095 paratus
430 2039 517 2079 umor
531 2020 663 2090 occurrit,
678 2020 760 2096 isque
780 2019 910 2077 sincerus
929 2033 964 2077 ac
983 2017 1133 2096 nebleviter

134 2115 253 2190 quidem
267 2125 346 2176 tanta
360 2120 447 2179 maris
461 2117 606 2179 vicinitate
626 2129 784 2195 corruptus
830 2116 994 2194 Suggerunt
1014 2115 1134 2176 adfatim

133 2212 213 2290 ligna
240 2214 391 2292 proximae
421 2218 526 2277 silvae:
561 2227 672 2278 ceteras
706 2217 807 2292 copias
839 2215 983 2275 Ostiensis
1015 2215 1132 2276 colonia

134 2311 283 2373 ministrat.
328 2313 416 2393 Frugi
436 2313 552 2394 quidem
573 2316 684 2375 homini
706 2312 809 2374 sufficit
829 2314 916 2374 etiam
937 2314 1024 2386 vicus,
1043 2333 1131 2391 quem

69 2421 119 2457 1²0
132 2429 193 2470 una
213 2411 278 2470 villa
306 2413 457 2473 discernit:
486 2415 516 2473 in
543 2415 600 2474 hoc
623 2414 736 2474 balinea
763 2413 909 2471 meritoria
937 2411 998 2484 tria,
1023 2430 1132 2489 magna

132 2511 334 2586 commoditas,
350 2516 373 2574 si
389 2515 461 2576 forte
475 2517 622 2575 balineum
643 2513 724 2574 domi
737 2514 782 2572 vel
800 2513 911 2573 subitus
931 2512 1071 2572 adventus
1085 2515 1131 2573 vel

132 2611 245 2670 brevior
265 2631 349 2672 mora
373 2610 512 2673 calfacere
540 2614 713 2673 dissuadeat.
755 2610 838 2670 Litus
866 2620 972 2670 ornant
995 2612 1131 2671 varietate

131 2711 293 2786 gratissima
306 2731 385 2771 nunc
400 2713 537 2771 continua
550 2731 628 2771 nunc
642 2712 805 2770 intermissa
820 2720 895 2769 tecta
904 2709 1043 2782 villarum,
1055 2731 1130 2788 quae

132 2818 278 2883 praestant
296 2809 451 2869 multarum
470 2811 585 2869 urbium
607 2807 718 2882 faciem,
734 2810 793 2868 sive
807 2809 879 2867 mari
894 2809 952 2867 sive
967 2809 1033 2886 ipso
1047 2811 1131 2871 litore

66 2913 114 2966 1²5
130 2914 210 2964 utare
218 2928 227 2981 ;
245 2909 325 2985 quod
339 2926 400 2967 non
415 2923 575 2987 numquam
590 2909 680 2986 longa
694 2909 882 2985 tranquillitas
896 2906 997 2981 mollit,
1013 2910 1129 2987 saepius

130 3003 264 3081 frequens
293 3015 321 3066 et
350 3009 513 3067 contrarius
540 3009 645 3068 fluctus
673 3008 797 3067 indurat.
853 3004 936 3066 Mare
966 3023 1028 3066 non
1057 3023 1128 3068 sane
1197 2999 1199 3015 '

129 3103 262 3177 pretiosis
279 3105 408 3181 piscibus
430 3106 566 3190 abundat,
583 3107 678 3166 soleas
697 3116 796 3165 tamen
816 3115 845 3164 et
865 3105 980 3181 squillas
1001 3107 1128 3183 optimas

130 3201 228 3277 egerit.
283 3201 360 3262 Villa
394 3222 463 3263 vero
499 3215 599 3264 nostra
638 3205 726 3263 etiarn
765 3203 990 3264 mediterraneas
1026 3207 1128 3282 copias

129 3308 264 3376 praestat,
286 3299 331 3360 lac
353 3303 382 3360 in
403 3300 520 3379 primis:
551 3321 620 3362 narn
641 3301 737 3361 illuce
757 3303 873 3378 pascuis
894 3322 1001 3380 pecora
1022 3317 1128 3364 conve·
1175 3353 1177 3360 ,

67 3412 114 3463 130
130 3398 220 3470 niunt,
247 3399 390 3477 siquando
414 3419 521 3477 aquam
544 3401 713 3459 umbramve
741 3412 894 3461 sectantur.
936 3403 1060 3462 Iustisne
1089 3402 1126 3463 de

130 3498 225 3556 causis
239 3497 298 3555 iam
311 3497 362 3555 tibi
376 3498 475 3557 videor
488 3499 623 3570 incolere,
638 3499 806 3572 inhabitare,
822 3500 940 3576 diligere
957 3503 1126 3561 secessum?

129 3612 218 3672 quem
236 3604 268 3656 tu
287 3596 374 3656 nimis
392 3599 519 3658 urbanus
540 3617 572 3660 es
593 3598 649 3660 nisi
669 3599 861 3677 concupiscis.
903 3599 1001 3678 Atque
1015 3603 1125 3662 utinam
