2636 3980
476 182 498 228 A
523 183 722 231 SELECTION
740 183 843 232 FROM
866 184 934 232 THE

533 402 583 455 aa
628 393 758 476 (Boou
781 397 807 454 a.
830 349 958 471 Μ’

219 525 291 589 Pliny
302 525 322 574 is
333 525 395 589 glad
408 527 462 575 that
474 524 516 575 the
528 525 590 575 farm
602 526 683 575 which
695 524 727 575 he
737 524 788 574 had
799 525 871 589 given
883 533 910 574 to
921 525 960 574 his
972 540 1044 575 nurse
1056 525 1077 574 is
1087 542 1144 575 now
1161 527 1187 575 in

510 611 552 658 the
563 610 643 658 hands
654 609 683 658 of
691 625 706 657 a
717 609 786 672 good
798 615 890 658 tenant.

513 746 538 787 e.
560 737 672 786 murus
692 745 769 786 vano
790 745 844 786 suo
865 745 887 784 S.

132 808 183 1016 f
242 859 357 918 Gratias
373 874 438 934 ago,
453 862 534 936 quod
554 861 679 937 agellum
699 879 787 938 quem
808 860 911 918 nutrici
927 877 1011 918 meae
1026 859 1205 919 donaveram

201 957 358 1016 colendum
384 960 544 1036 suscepisti.
587 959 665 1029 Erat,
688 977 755 1017 cum
777 954 1068 1029 donarem,'centum
1090 942 1206 1018 milium

199 1074 372 1131 nummum;
402 1068 504 1135 postea
525 1059 711 1117 decrescente
730 1057 822 1116 reditu
847 1059 933 1116 etiam
952 1059 1075 1133 pretium
1089 1058 1205 1128 minuit,

201 1155 281 1231 quod
295 1175 373 1215 nunc
387 1167 415 1215 te
431 1167 548 1216 curante
569 1158 721 1234 reparabit.
763 1155 812 1213 Tu
831 1156 922 1214 modo
940 1156 1107 1214 memineris
1121 1174 1206 1215 com-

201 1257 333 1314 mendari
354 1257 404 1315 tibi
424 1276 441 1315 a
460 1276 508 1316 me
528 1275 588 1316 non
610 1259 728 1316 arbores
749 1266 778 1314 et
798 1266 912 1327 terram,
928 1274 1107 1332 quamquam
1128 1255 1231 1319 haecs

201 1373 328 1430 quoque,
344 1355 396 1413 sed
410 1356 615 1414 munusculum
634 1374 733 1413 meum
741 1345 762 1427 3⁸
780 1354 862 1430 quod
880 1372 945 1412 esse
966 1373 1054 1429 quarn
1074 1354 1204 1412 fmctuo-

202 1454 348 1511 sissimum
362 1472 423 1511 non
438 1453 512 1513 illius
531 1454 626 1530 magis
647 1454 774 1524 interest,
791 1471 866 1528 quae
885 1453 1006 1530 accepit,
1022 1471 1111 1530 quarn
1126 1471 1204 1524 mea,

202 1551 251 1626 qui
267 1551 341 1610 dedi.
385 1551 468 1609 Vale.
549 1579 554 1595 ›

435 1715 489 1820 ,γ’
529 1756 581 1809 54.
624 1750 754 1832 (soon
776 1754 802 1810 a.
827 1749 867 1828 4.)

235 1879 306 1944 Pliny
317 1895 440 1945 expresses
451 1881 490 1930 his
502 1882 657 1932 affectionate
671 1883 769 1947 anxiety
780 1882 818 1932 sor
829 1883 868 1932 his
879 1882 942 1938 wife,
955 1883 1003 1931 and
1015 1883 1075 1946 begs
1086 1883 1130 1932 her
1142 1890 1171 1934 to
1308 1877 1309 1955 l

506 1965 595 2014 relieve
606 1965 626 2014 it
638 1966 672 2029 by
683 1965 794 2031 frequent
806 1965 899 2015 letters.

169 2107 212 2215 s
462 2101 486 2142 C.
502 2101 614 2142 PLINIUS
634 2103 815 2162 cauponum
835 2103 907 2143 SUAE
928 2102 949 2142 S.

152 2218 169 2277 s
244 2211 415 2289 Numquam
437 2233 503 2272 sum
527 2217 621 2292 magis
650 2218 686 2276 de
711 2218 951 2293 occupationibus
978 2217 1052 2275 meis
1073 2227 1203 2293 questus

145 2284 152 2325 ί
203 2330 278 2389 quae
299 2330 347 2371 me
368 2330 430 2371 non
452 2324 519 2372 sunt
539 2333 644 2391 passae
665 2325 714 2375 aut
733 2317 968 2391 proficiscentem
988 2325 1016 2374 te
1033 2316 1205 2375 valetudinis

203 2428 291 2469 causa
305 2410 336 2468 in
356 2409 549 2488 Campaniam
568 2415 705 2492 prosequi
723 2424 772 2473 aut
792 2414 954 2490 prolectam
968 2433 984 2473 e
999 2415 1120 2492 vestigio
1135 2416 1205 2474 sub·
1307 2383 1308 2445 l

203 2509 294 2586 sequi.
338 2509 425 2569 Nunc
440 2512 518 2569 enim
537 2513 692 2589 praecipue
708 2513 794 2572 simul
808 2531 872 2572 esse
887 2514 1049 2590 cupiebam,
1064 2523 1095 2571 ut
1110 2514 1204 2572 oculis

203 2610 277 2667 meis
312 2609 468 2682 crederem,
496 2610 567 2686 quid
594 2612 707 2683 viribus,
737 2611 807 2688 quid
835 2611 1009 2688 corpusculo
1037 2612 1228 2687 adparares,5

205 2706 310 2782 ecquid
326 2707 451 2784 denique
471 2727 602 2768 secessus
615 2711 776 2788 voluptates
791 2711 979 2786 regionisque
994 2709 1205 2768 abundantiam
1306 2699 1307 2706 ἵ

204 2804 349 2862 inoffensa
367 2806 585 2865 transmitteres.
626 2805 771 2883 Equidem
791 2807 878 2863 etiam
893 2804 998 2863 fortem
1017 2815 1045 2863 te
1064 2824 1127 2864 non
1142 2807 1206 2866 sine

206 2919 273 2960 cura
297 2902 510 2962 desiderarem:
544 2913 587 2963 est
609 2905 688 2962 enim
712 2921 887 2980 suspensum
910 2912 939 2961 et
962 2905 1080 2962 anxium
1104 2905 1142 2964 de
1168 2925 1205 2966 eo

205 3017 292 3076 quem
313 3000 512 3061 ardentissime
534 3002 636 3078 diligas
657 3003 801 3061 interdum
822 3002 893 3060 nihil
912 3003 1001 3061 scire:
1035 3021 1114 3061 nunc
1134 3023 1204 3064 vero

204 3117 253 3157 me
268 3116 334 3157 curn
349 3100 497 3160 absentiae
512 3111 574 3160 turn
588 3101 760 3161 infirmitatis
778 3113 845 3160 tuae
864 3103 936 3160 ratio
957 3103 1067 3161 incerta
1080 3113 1110 3161 et
1124 3105 1205 3162 varia
1216 3124 1245 3158 ro

205 3197 396 3257 sollicitudine
410 3209 540 3259 exterret
583 3201 694 3260 Vereor
713 3202 819 3273 omnia,
835 3203 979 3277 imaginor
993 3202 1100 3273 omnia,
1116 3221 1203 3279 quae-

204 3315 262 3372 que
286 3306 388 3354 natura
409 3299 599 3358 metuentium
614 3308 666 3371 est,
682 3318 717 3358 ea
735 3301 863 3359 maxime
885 3301 955 3359 mihi
977 3319 1052 3377 quae
1075 3303 1204 3362 maxime

205 3394 359 3452 abominor
372 3395 462 3470 fingo.
505 3395 574 3468 Quo
591 3399 741 3473 inpensius
755 3416 829 3474 rogo
848 3409 880 3456 ut
899 3400 996 3458 timori
1014 3418 1082 3458 meo
1097 3401 1204 3460 cotidie

205 3492 324 3568 singulis
339 3494 383 3551 vel
402 3493 490 3552 etiam
511 3495 587 3554 binis
607 3496 736 3572 epistulis
757 3496 901 3555 consulas.
945 3497 1005 3556 Ero
1025 3500 1104 3556 enim
1118 3517 1202 3558 secu·

203 3588 271 3660 rior,
286 3589 355 3650 dum
368 3591 445 3669 lego,
460 3593 616 3670 statimque
629 3594 748 3666 timebo,
763 3612 830 3652 cum
845 3595 952 3671 legero.
996 3595 1078 3656 Vale.
1174 3611 1242 3679 ,15
1304 3577 1305 3600 ³
