2626 3976
165 187 207 252 92
435 184 458 232 a
484 184 680 233 sarrcrrorr
698 185 804 233 anon
825 183 895 234 rur

162 343 351 414 humanitate,
380 361 455 419 quae
485 362 532 402 me
560 353 592 402 ut
616 344 674 404 hoc
698 345 795 420 ipsum
820 344 1018 421 permitterem
1045 343 1169 403 induxit.

163 441 235 501 Non
269 443 336 502 ideo
364 452 463 502 tamen
491 444 578 502 velim
606 444 705 502 durior
740 444 809 502 fieri.
865 443 930 501 Nec
958 444 1065 520 ignoro
1094 444 1170 503 alios

162 543 224 600 eius
240 542 320 601 modi
336 561 420 600 casus
435 542 507 600 nihil
526 543 651 620 amplius
668 561 773 601 vocare
795 559 884 618 quam
908 541 1050 600 damnum
1072 559 1171 618 eoque

163 641 218 699 sibi
243 658 368 716 magnos
390 640 525 699 homines
550 651 579 699 et
604 642 750 716 sapientes
773 640 870 698 videri.
924 640 983 713 Qui
1007 659 1046 699 an
1067 640 1170 716 magni

164 737 365 814 sapientesque
387 738 444 797 sint
464 739 574 810 nesci0,
596 738 731 797 homines
756 756 818 796 non
841 748 915 796 sunt.
959 736 1099 796 Hominis
1124 747 1170 796 est
1188 760 1219 810 15

163 836 242 894 enim
269 835 354 894 adfici
379 835 488 908 dolore,
511 837 626 907 sentire,
651 837 781 896 resistere
805 847 904 896 tamen
929 846 958 896 et
981 837 1090 896 solacia
1118 835 1169 894 ad-

163 934 287 1004 mittere,
316 951 377 992 non
413 935 528 992 solaciis
562 953 624 993 non
655 953 750 1010 egere.
805 934 917 994 Verum
946 935 982 994 de
1010 935 1056 994 his
1084 935 1170 1010 plura

163 1031 286 1090 fortasse
311 1050 399 1107 quam
420 1032 516 1101 debui,
538 1033 590 1091 sed
611 1034 751 1108 pauciora
773 1053 862 1110 quam
885 1035 970 1093 volui.
1012 1034 1066 1093 Est
1088 1034 1170 1092 enim

164 1131 308 1208 quaedam
338 1132 426 1190 etiam
454 1131 572 1190 dolendi
600 1133 743 1207 voluptas,
771 1134 942 1209 praesertim
970 1135 994 1192 si
1022 1134 1053 1191 in
1080 1132 1170 1190 amici

163 1215 240 1289 sinu,
253 1230 369 1300 defleas,
395 1229 475 1305 apud
502 1248 591 1308 quem
619 1230 744 1290 lacrimis
768 1233 824 1292 tuis
846 1233 892 1291 vel
915 1233 979 1292 laus
1008 1232 1043 1292 sit
1067 1240 1170 1308 parata
1188 1253 1220 1286 20

164 1330 209 1388 vel
222 1329 313 1388 venia.
356 1328 439 1388 Vale.

489 1519 545 1577 ⁷14.
588 1513 718 1592 (Boou
740 1537 768 1592 9.
792 1514 834 1596 3.)

198 1663 258 1736 Meu
278 1661 367 1711 should
383 1661 461 1710 either
478 1662 590 1711 consider
606 1663 648 1713 the
665 1663 828 1727 immortality
844 1663 875 1712 os
887 1664 960 1720 same,
977 1664 1027 1714 and
1043 1664 1114 1714 work
1131 1665 1172 1712 sor

164 1746 191 1802 it,
204 1760 233 1793 or
244 1745 285 1794 the
301 1745 425 1794 shortness
436 1745 465 1795 of
471 1744 522 1799 life,
533 1745 581 1794 and
593 1745 666 1809 enjoy
677 1745 711 1804 it;
729 1747 778 1794 and
793 1747 865 1811 Pliny
879 1747 966 1797 knows
982 1749 1036 1796 that
1050 1746 1171 1796 Paulinus

163 1843 248 1891 agrees
259 1827 322 1879 with
333 1827 385 1876 him
395 1827 422 1876 in
433 1827 569 1892 preferring
580 1829 622 1877 the
633 1829 725 1878 former
737 1845 829 1880 course.

451 1983 476 2025 c.
497 1983 611 2024 Parmos
632 1984 759 2026 rnuurtro
781 1985 834 2026 suo
855 1985 876 2025 s.
898 1966 901 1976 “

206 2116 289 2173 Alius
316 2114 402 2184 aliud,
424 2132 481 2190 ego
504 2114 704 2172 beatissimum
729 2115 866 2173 existimo
889 2115 940 2190 qui
962 2116 1059 2174 bonae
1084 2133 1171 2173 man-

165 2231 306 2290 suraeque
324 2211 418 2271 famae
438 2213 676 2289 praesumptione
697 2213 850 2288 perfruitur
871 2223 1023 2290 certusque
1045 2215 1171 2288 posteri-

164 2313 229 2370 tatis
261 2328 329 2369 cum
356 2308 451 2368 futura
478 2311 572 2386 gloria
599 2313 675 2369 vivit.
728 2315 773 2371 Ac
808 2312 880 2371 mihi
914 2313 969 2372 nisi
1004 2314 1169 2389 praemium

165 2409 340 2470 aeternitatis
382 2418 449 2466 ante
493 2409 604 2480 oculos,
641 2411 751 2486 pingue
785 2410 856 2469 illud
890 2412 1038 2487 altumque
1074 2413 1170 2469 otium

165 2510 284 2587 placeat.
340 2506 458 2566 Etenim
492 2525 597 2567 omnes
632 2508 767 2568 homines
795 2510 917 2568 arbitror
949 2519 1083 2586 oportere
1119 2521 1202 2589 aut5

165 2607 400 2666 inmortalitatem
435 2623 518 2663 suam
553 2615 603 2664 aut
635 2608 839 2667 mortalitatem
873 2609 1010 2684 cogitare,
1038 2617 1068 2665 et
1102 2607 1171 2668 illos

166 2706 283 2782 quidem
305 2704 481 2763 contendere
502 2705 580 2774 eniti,
600 2704 654 2763 hos
676 2707 825 2782 quiescere
846 2708 952 2766 remitti
971 2726 1028 2766 nec
1049 2707 1171 2765 brevem

165 2805 254 2863 vitam
282 2803 398 2862 caducis
425 2803 572 2862 laboribus
599 2805 729 2881 fatigare,
753 2816 785 2863 ut
812 2805 898 2865 video
925 2807 1033 2865 multos
1060 2807 1171 2866 misera

166 2903 252 2962 simul
280 2910 308 2959 et
336 2902 448 2978 ingrata
470 2902 597 2978 imagine
621 2903 778 2962 industriae
806 2905 843 2963 ad
867 2906 1004 2964 vilitatem
1029 2905 1073 2963 sui
1101 2924 1170 2981 per-

166 3003 272 3060 venire.
314 2999 399 3059 Haec
419 3019 476 3078 ego
497 3010 604 3072 tecum,
620 3021 695 3078 quae
716 3003 823 3062 cotidie
842 3021 967 3077 mecum,
981 3013 1013 3062 ut
1033 3003 1169 3064 desinam
1188 3031 1223 3066 10

165 3119 291 3172 mecum,
307 3100 331 3158 si
352 3101 503 3160 dissenties
525 3111 573 3173 tu;
603 3119 782 3178 quamquam
805 3120 867 3160 non
889 3103 1052 3174 dissenties,
1066 3112 1098 3162 ut
1116 3105 1170 3180 qui

165 3219 282 3278 semper
296 3199 403 3258 clarum
417 3200 526 3277 aliquid
540 3209 569 3259 et
581 3201 734 3260 inmortale
748 3201 896 3261 meditere.
938 3199 1019 3261 Vale.
