2636 3980
207 174 249 234 66
478 187 500 234 A
525 186 722 235 aucuerrorv
741 187 845 235 raon
866 187 936 235 run

205 350 390 408 recitaturum
413 350 509 407 statim
529 360 562 408 ut
583 349 729 408 venissem
751 349 979 426 pollicebantur;
1011 367 1069 426 ago
1091 349 1208 426 gratias,

206 449 286 525 quod
296 458 439 526 expector.
475 448 571 508 Triste
582 448 659 519 illud,
672 449 753 524 quod
762 449 851 506 lulius
860 447 970 506 Valens
982 449 1105 524 graviter
1113 449 1206 506 iacet:
1219 460 1234 508 5

206 561 383 620 quamquam
398 563 435 601 ne
449 542 506 602 hoc
524 543 643 624 quidem
657 544 745 610 triste,
761 544 784 601 si
799 543 872 601 illius
887 543 1054 601 utilitatibus
1074 543 1208 600 aestime-

205 651 259 714 tur,
288 644 368 701 cuius
396 644 513 700 interest
541 659 629 718 quam
660 642 852 700 maturissime
879 641 1072 718 inexplicabili
1099 643 1207 699 morbo
1311 627 1312 710 ζ

205 743 326 801 liberari.
368 743 443 801 Illud
465 742 552 817 plane
573 761 634 801 non
654 742 732 800 triste
754 742 848 800 solum
869 741 1074 799 verumetiam
1093 740 1207 799 luctuo·
1311 721 1312 804 l

205 861 280 912 sum,
302 843 382 918 quod
403 843 493 901 Iulius
518 843 619 901 Avitus
645 843 776 913 decessit,
799 843 869 900 dum
891 859 927 898 ex
947 851 1101 917 quaestura
1121 841 1205 909 redit,

205 942 330 1000 decessit
343 943 373 999 in
388 960 469 1012 nave,
485 943 587 1018 procul
601 962 619 1000 a
632 941 717 1000 fratre
731 940 940 1012 amantissimo,
955 941 1057 1016 procul
1072 959 1089 998 a
1102 949 1204 1011 matre,
1219 961 1251 993 ιο
1311 925 1312 1016 l

205 1041 393 1100 asotoribus.
436 1041 515 1099 Nihil
534 1043 589 1100 ista
610 1041 647 1100 ad
667 1050 815 1100 mortuum
836 1039 989 1115 pertinent,
1006 1040 1058 1098 sed
1075 1039 1205 1114 pertinu-
1311 1065 1312 1102 ς

205 1149 296 1211 erunt,
312 1159 379 1198 cum
393 1149 560 1211 moreretur,
575 1142 720 1216 pertinent
734 1139 771 1198 ad
791 1140 846 1198 hos
866 1139 916 1215 qui
934 1149 1096 1215 supersunt.
1138 1137 1205 1195 Iam
1311 1107 1312 1168 l

205 1239 285 1315 quod
313 1240 344 1298 in
371 1239 443 1297 flore
471 1239 565 1314 primo
594 1249 690 1298 tantae
718 1239 823 1297 indolis
851 1237 961 1295 iuvenis
990 1239 1131 1295 extinctus
1159 1248 1206 1294 cst

205 1355 319 1397 summa
333 1346 549 1410 consecuturus,
564 1339 588 1396 si
601 1339 718 1396 virtutes
733 1339 794 1396 eius
808 1337 1028 1395 maturuissentl
1053 1413 1056 1416 Ι
1071 1336 1141 1408 Quo
1155 1336 1205 1393 ille
1311 1347 1312 1418 l

205 1438 367 1495 studiorum
387 1453 485 1494 amore
499 1437 654 1513 flagrabat!
698 1437 849 1509 Quantum
867 1436 946 1511 legit,
960 1444 1101 1512 quantum
1115 1435 1204 1493 etiarn
1218 1455 1247 1503 15
1311 1429 1312 1502 l

205 1536 334 1610 scripsit!
377 1534 461 1606 Quae
476 1555 554 1594 nunc
569 1537 667 1596 omnia
681 1554 749 1594 cum
763 1537 828 1612 ipso
844 1535 906 1592 sine
921 1534 1014 1594 fructu
1028 1535 1205 1611 posteritatis

204 1634 344 1692 abierunt.
397 1634 456 1692 Sed
478 1636 548 1712 quid
571 1653 628 1713 ego
653 1634 791 1710 indulgeo
818 1633 931 1692 dolori?
977 1633 1032 1692 Cui
1057 1633 1081 1691 si
1105 1632 1205 1692 frenos

205 1733 340 1803 remittas
364 1733 442 1791 nulla
466 1735 585 1792 materia
609 1751 670 1792 non
693 1734 820 1791 maxima
842 1741 895 1790 est.
938 1732 1039 1790 Finem
1064 1731 1205 1807 epistulae

204 1832 326 1890 faciam:
357 1841 388 1890 ut
409 1831 502 1892 facere
523 1833 635 1909 possim
656 1833 742 1891 etiam
762 1832 896 1904 lacrimis,
916 1849 989 1908 quas
1009 1831 1130 1908 epistula
1153 1849 1205 1888 ex-

204 1932 323 2007 pressitl
365 1930 447 1989 Vale.
1218 1947 1249 1980 20

540 2173 591 2227 52.
634 2167 814 2248 (acone.
838 2167 877 2246 2.)

238 2300 306 2348 Even
322 2299 363 2347 the
379 2298 429 2346 loss
440 2298 470 2347 of
484 2299 594 2363 Regulus
604 2304 670 2347 must
681 2300 712 2348 be
724 2299 846 2362 regretted
863 2315 890 2348 as
906 2299 961 2348 that
973 2298 1002 2348 of
1015 2315 1030 2347 a
1046 2297 1205 2363 painstaking
1311 2299 1312 2383 l

204 2383 332 2438 advocate,
350 2382 398 2430 and
418 2397 434 2430 a
456 2383 542 2445 steady
560 2388 685 2446 opponent
702 2381 732 2432 of
745 2382 786 2430 the
810 2382 913 2432 modern
929 2382 1026 2431 sashion
1043 2382 1073 2431 of
1085 2381 1206 2445 hurrying

205 2482 273 2516 cases
284 2464 392 2530 through
404 2464 446 2514 the
458 2471 547 2513 courts.

493 2603 518 2643 C.
540 2603 651 2644 PLINIUS
673 2603 801 2643 ARRIANO
821 2602 875 2643 SUO
895 2602 917 2643 S.

247 2717 334 2776 Soleo
356 2734 418 2775 non
441 2735 600 2792 numquam
622 2718 652 2774 in
675 2717 786 2776 iudiciis
810 2734 948 2793 quaerere
973 2715 1015 2774 M.
1037 2716 1204 2792 Regulum:

206 2817 276 2875 nolo
298 2816 375 2873 enirn
396 2815 490 2873 dicere
511 2815 681 2874 desiderare.
723 2814 783 2873 Cur
800 2834 872 2892 ergo
891 2817 1021 2890 quaero?
1064 2814 1206 2874 Habebat

208 2915 307 2974 studiis
331 2914 482 2986 honorem,
505 2914 633 2985 timebat,
656 2915 790 2991 pallebat,
813 2915 963 2984 scribebat,
989 2915 1120 2990 quamvis
1142 2932 1206 2972 non

207 3024 306 3091 posset
327 3015 462 3073 ediscere.
505 3013 579 3071 Illud
599 3013 703 3089 ipsum,
723 3014 804 3089 quod
822 3014 940 3071 oculum
958 3013 1048 3072 modo
1071 3013 1206 3070 dextrum

207 3114 298 3172 modo
320 3113 465 3171 sinistrum
488 3112 712 3183 circumlinebat,
734 3112 875 3183 dextrum,
898 3113 921 3169 si
943 3131 961 3169 a
981 3111 1112 3187 petitore,
1134 3111 1205 3169 alte-
1215 3133 1230 3186 5

207 3231 279 3284 rum,
296 3213 320 3270 si
335 3231 352 3271 a
366 3228 534 3287 possessore
549 3220 625 3269 esset
644 3220 766 3280 acturus,
782 3209 861 3284 quod
881 3209 1039 3268 candidum
1058 3210 1206 3284 splenium

206 3313 236 3368 in
259 3311 315 3369 hoc
338 3311 439 3368 autin
467 3309 536 3368 illud
561 3310 744 3386 supercilium
768 3308 962 3380 transferebat,
986 3310 1066 3385 quod
1089 3328 1208 3385 semper

208 3409 373 3484 haruspices
396 3408 563 3467 consulebat
585 3408 622 3466 de
644 3408 767 3466 actionis
788 3416 900 3479 eventu,
923 3409 1050 3466 animia
1067 3409 1206 3485 supersti-

207 3507 296 3578 tione,
317 3506 369 3565 sed
393 3515 489 3564 tamen
514 3516 543 3565 et
564 3526 582 3564 a
605 3523 715 3583 magno
741 3505 901 3564 studiorum
923 3506 1036 3566 honore
1062 3508 1206 3568 veniebat.

209 3605 273 3663 Iam
291 3605 340 3664 illa
358 3623 498 3683 perquam
518 3607 643 3664 iucunda
663 3623 722 3662 una
743 3604 912 3677 dicentibus,
928 3606 1008 3681 quod
1026 3607 1116 3665 libera
1129 3617 1254 3666 tem-10
