2626 3976
73 233 77 240 .
148 197 307 247 LETTERS
331 198 375 246 OF
397 198 429 250 C.
443 197 589 245 PLINIUS
611 194 799 244 CAECILIUS
821 195 1014 244 SECUNDUS.
1061 180 1101 261 85

98 369 202 418 noctes
216 376 269 435 per
282 368 393 417 metum
406 356 614 434 vigilabantur:
634 354 760 431 vigiliam
774 356 895 414 morbus
910 364 939 414 et
953 365 1101 414 crescente

55 464 84 513 ²5
98 456 254 515 formidine
275 475 356 515 mors
379 456 560 532 sequebatur.
603 453 682 512 Nam
705 453 829 512 interdiu
853 471 978 531 quoque,
999 472 1101 532 quam·

98 573 188 631 quarn
202 556 383 614 abscesserat
396 555 504 630 imago,
519 553 662 612 memoria
680 552 816 628 imaginis
836 552 928 612 oculis
946 554 1099 624 inerrabat,

96 654 272 730 longiorque
287 655 382 713 causis
395 653 507 711 timoris
521 653 607 710 timor
626 660 695 710 erat.
737 649 860 709 Deserta
882 651 949 710 inde
970 662 999 710 et
1018 653 1100 712 dam·

98 762 166 810 nata
181 752 335 811 solitudine
356 753 463 811 domus
481 759 601 827 totaque
618 750 658 808 illi
676 759 809 808 monstro
828 751 944 824 relicta3
975 753 1099 828 proscri-

97 851 220 910 bebatur
241 860 347 917 tamen‚
363 868 415 910 seu
433 851 497 926 quis
518 868 623 921 emere,
639 868 690 908 seu
710 849 774 926 quis
796 850 960 909 conducere
981 853 1098 927 ignarus

52 967 84 1014 30
97 951 170 1007 tanti
191 950 259 1007 mali
280 950 373 1008 vellet.
413 948 503 1007 Venit
522 947 653 1007 Athenas
673 948 866 1024 philosophus
879 949 1097 1020 Athenodorus

96 1048 168 1123 legit
181 1048 294 1106 titulum
314 1048 471 1124 auditoque
489 1047 592 1123 pretio,
607 1047 675 1122 quia
694 1057 831 1122 suspecta
843 1047 943 1119 vilitas,
958 1066 1098 1123 percunc-

95 1157 174 1206 tatus
199 1148 300 1204 omnia
327 1146 447 1205 docetur
475 1165 509 1204 ac
534 1145 624 1204 nihilo
648 1145 754 1216 minus,
777 1147 869 1206 immo
893 1155 975 1205 tanto
1003 1147 1098 1223 magis

96 1245 243 1304 conducit.
296 1244 355 1303 Ubi
379 1245 475 1320 coepit
499 1244 748 1320 advesperascere,
773 1245 855 1303 iubet
877 1245 965 1303 sterni
988 1246 1042 1304 sibi
1066 1246 1098 1303 in

94 1345 191 1420 prima
216 1345 321 1404 domus
343 1355 432 1421 parte,
457 1345 551 1420 poscit
571 1344 727 1421 pugillares
751 1343 848 1402 stilum
877 1343 992 1417 lumen;
1028 1361 1097 1404 suos

49 1462 79 1511 35
95 1460 202 1502 omnes
226 1443 257 1500 in
285 1444 419 1503 interiora
446 1443 570 1515 dimittit,
597 1443 659 1519 ipse
687 1441 725 1500 ad
752 1442 938 1502 scribendum
966 1443 1096 1502 animum

94 1541 199 1600 oculos
213 1558 333 1598 manum
351 1540 484 1611 intendit,
499 1559 537 1600 ne
558 1558 650 1599 vacua
669 1558 755 1599 mens
776 1541 873 1599 audita
894 1541 1048 1601 simulacra
1068 1551 1097 1600 et

94 1642 198 1700 inanes
220 1640 274 1698 sibi
295 1649 390 1698 metus
411 1639 540 1715 fingeret.
591 1639 689 1710 Initio,
710 1639 795 1716 quale
815 1641 930 1717 ubique,
952 1641 1097 1699 silentium

94 1740 201 1810 noctiS,
216 1739 283 1798 dein
298 1739 415 1798 concuti
434 1738 550 1809 ferrum,
564 1739 679 1797 vincula
699 1740 828 1797 moveri:
853 1739 901 1797 ille
920 1757 982 1797 non
996 1740 1097 1799 tollere

95 1837 205 1907 oculos
221 1855 283 1895 non
296 1838 440 1905 remittere
459 1838 565 1908 stilum,
581 1838 632 1896 sed
652 1838 797 1895 offirmare
816 1838 946 1895 animum
967 1839 1097 1898 auribus·

47 1953 80 2002 40
95 1955 154 2012 que
175 1936 384 2011 praetendere:
415 1946 477 1994 tum
498 1937 679 1994 crebrescere
698 1935 803 2010 fragor,
819 1935 973 1994 adventare
994 1937 1095 1995 etiam

94 2044 127 2094 ut
149 2034 179 2092 in
200 2034 306 2105 limine,
326 2035 384 2092 iam
405 2042 436 2093 ut
458 2035 534 2092 intra
556 2034 645 2093 limen
668 2034 778 2093 audiri:
807 2035 932 2110 respicit,
947 2035 1025 2094 videt
1045 2055 1096 2113 ag-

95 2132 250 2208 noscitque
268 2142 413 2190 narratam
428 2133 482 2190 sibi
497 2132 631 2208 effigiem.
675 2132 775 2192 Stabat
789 2133 985 2210 innuebatque
1006 2135 1096 2210 digito

96 2231 197 2290 similis
224 2229 358 2289 vocanti:
402 2230 449 2288 hic
478 2240 580 2290 contra
607 2241 639 2289 ut
666 2232 785 2308 paulum
814 2244 980 2309 expectaret
1006 2252 1097 2292 manu

96 2331 238 2407 significat
265 2348 422 2406 rursusque
445 2331 518 2389 ceris
543 2339 572 2388 et
593 2331 660 2389 stilo
683 2332 840 2390 incumbit:
872 2332 921 2391 illa
945 2333 1096 2391 scribentis

50 2449 80 2497 45
96 2429 183 2504 capiti
211 2429 319 2488 catenis
343 2429 516 2488 insonabat:
552 2431 667 2507 respicit
690 2449 789 2489 rursus
811 2431 890 2489 idem
913 2431 993 2507 quod
1017 2431 1097 2507 prius

95 2532 266 2588 innuentem
287 2547 342 2586 nec
362 2538 492 2588 moratus
515 2529 588 2588 tollit
610 2530 709 2588 lumen
732 2540 760 2589 et
783 2532 920 2606 sequitur.
961 2530 1028 2588 Ibat
1050 2529 1097 2587 illa

95 2629 176 2689 lento
204 2627 304 2704 gradu,
334 2628 416 2704 quasi
444 2629 538 2703 gravis
567 2628 701 2687 vinculis:
737 2639 893 2705 postquam
922 2629 1039 2688 deflexit
1066 2629 1097 2685 in

96 2745 195 2786 aream
220 2727 334 2792 domus,
359 2735 479 2801 repente
508 2726 619 2802 dilapsa
647 2728 752 2786 deserit
776 2729 929 2787 comitem:
966 2727 1097 2786 desertus

96 2825 202 2883 herbas
225 2835 254 2883 et
275 2825 343 2882 folia
364 2835 521 2901 concerpta
543 2827 658 2902 signum
679 2826 746 2885 loco
770 2827 861 2903 ponit.
903 2826 1025 2885 Postero
1051 2827 1098 2885 die

52 2947 83 2993 50
96 2924 156 2983 adit
173 2924 364 3000 magistratus,
379 2935 480 2982 monet
498 2933 531 2982 ut
549 2924 628 2982 illurn
648 2925 747 2983 locum
768 2925 858 2983 effodi
879 2926 1006 2984 iubeant.
1049 2924 1099 2982 In·

96 3025 250 3084 veniuntur
265 3041 334 3082 ossa
347 3024 453 3082 inserta
473 3025 582 3082 catenis
601 3032 630 3082 et
648 3024 783 3099 inplicita,
799 3042 874 3100 quae
896 3041 1003 3100 corpus
1025 3042 1097 3083 aevo

96 3135 230 3199 terraque
257 3122 452 3198 putrefactum
486 3122 566 3181 nuda
600 3131 629 3181 et
661 3140 749 3181 exesa
776 3123 930 3199 reliquerat
957 3125 1097 3182 vinculis:

96 3223 219 3281 collecta
246 3222 361 3297 publice
385 3222 571 3297 sepeliuntur.
621 3221 737 3280 Domus
761 3231 866 3298 postea
890 3223 943 3281 rite
972 3223 1097 3282 conditis

95 3322 231 3380 manibus
266 3321 363 3379 caruit.
417 3320 456 3378 Et
489 3320 562 3379 haec
593 3321 711 3397 quidem
746 3320 963 3379 adfirmantibus
991 3321 1098 3393 credo;

10 3445 12 3494 ς
54 3439 81 3486 55
94 3421 166 3480 illud
186 3419 338 3479 adfirmare
352 3419 414 3478 aliis
427 3438 557 3496 possum.
599 3419 652 3478 Est
670 3420 787 3479 libertus
808 3421 878 3478 mihi
900 3439 960 3479 non
980 3420 1099 3477 inlitter-

11 3501 12 3560 ἶ
96 3531 178 3580 atus:
202 3537 269 3578 cum
283 3518 340 3576 hoc
354 3519 450 3577 minor
465 3520 551 3578 frater
565 3520 670 3579 eodem
684 3520 760 3579 lecto
775 3521 959 3596 quiescebat:
981 3520 1006 3578 is
1020 3520 1099 3578 visus

96 3633 140 3680 est
155 3619 210 3679 sibi
225 3637 342 3679 cernere
357 3617 504 3696 quendam
519 3621 549 3678 in
567 3629 633 3680 toro
647 3621 822 3681 residentem
836 3620 1098 3696 admoventemque
