2636 3980
189 165 231 244 48
460 181 482 229 A
508 181 704 230 snrrorron
723 181 826 228 meon
849 180 918 228 rrnr

189 339 291 398 eadem
306 339 464 401 honestatis
484 361 551 402 cura
573 354 684 403 secreto
706 363 782 422 quae
803 343 920 419 palam?
962 340 1048 400 Multi
1069 340 1190 410 famam,

191 442 397 501 conscientiam
425 445 510 520 pauci
538 455 678 504 verentur.
721 444 778 502 Sed
806 443 893 500 nimis
922 442 980 500 cito
1009 441 1044 498 de
1068 439 1190 499 futuris:

190 541 302 599 interim
333 543 476 602 beneficio
511 545 680 603 tabellarum
714 544 885 602 habebimus
920 541 1106 624 magistratus
1138 539 1233 614 qui30
1298 528 1299 606 l

191 643 317 702 maxime
340 641 401 700 fieri
424 643 593 703 debuerunt.
636 644 714 702 Nam
739 652 770 701 ut
794 643 824 700 in
845 639 1054 717 reciperatoriis
1074 638 1189 700 iudiciis

191 743 231 798 sic
261 759 316 798 nos
345 743 374 798 in
403 743 447 800 his
475 743 599 801 comitiis
624 744 706 820 quasi
734 751 853 819 repente
881 739 1055 817 adprehensi
1083 727 1188 797 sinceri

190 841 299 899 iudices
321 840 435 898 luimus.
478 841 562 900 Haec
584 842 634 899 tihi
658 843 766 917 scripsi,
788 842 914 918 primum
936 848 967 896 ut
989 836 1096 914 aliquid
1119 837 1188 896 novi

191 940 354 1006 scriberem,
370 940 474 998 deinde
488 950 520 998 ut
537 961 598 999 non
621 959 781 1017 numquam
803 941 887 997 dere
910 936 1025 1013 publiea
1044 936 1187 1010 loquerer,
1299 983 1300 1010 q

191 1039 272 1096 cuius
293 1039 428 1097 materiae
449 1040 534 1098 nobis
555 1049 664 1116 quanto
685 1040 773 1098 rarior
795 1056 882 1113 quam
903 1036 1047 1094 veteribus
1068 1036 1186 1091 occasio
1199 1047 1230 1096 35

189 1146 270 1194 tanto
295 1139 390 1196 minus
413 1139 573 1197 omittenda
593 1149 644 1198 est.
686 1139 724 1196 Et
743 1137 858 1196 hercule
880 1153 1033 1213 quousque
1055 1134 1102 1190 illa
1125 1134 1188 1190 vul-

189 1237 268 1310 garia
283 1237 370 1310 ‘quid
385 1237 468 1311 agis?
488 1237 593 1313 ecquid
608 1238 765 1295 commode
776 1234 884 1295 valesl'
920 1235 1057 1293 Habeant
1072 1240 1188 1290 nostrae

190 1353 308 1410 quoque
322 1336 431 1393 litterae
447 1336 553 1413 aliquid
568 1356 629 1395 non
643 1336 751 1394 humile
766 1355 820 1394 nec
836 1335 986 1393 sordidum
1001 1351 1055 1390 nec
1070 1331 1188 1406 privatis

189 1435 275 1491 rebus
300 1435 451 1492 inclusum.
504 1435 576 1493 Sunt
599 1434 716 1511 quidem
741 1444 845 1493 cuncta
873 1435 927 1490 sub
951 1432 1036 1490 unius
1061 1429 1187 1499 arbitri0‚

190 1533 237 1607 qui
260 1550 314 1608 pro
337 1533 456 1591 utilitate
478 1535 627 1592 communi
649 1533 728 1591 solus
753 1521 885 1590 omniurn
908 1550 991 1589 curas
1013 1528 1187 1603 laboresque
1197 1542 1230 1591 40

190 1632 316 1706 suscepit
326 1649 333 1702 ;
356 1631 475 1706 quidam
489 1641 587 1689 tamen
602 1631 708 1688 salubri
727 1640 959 1706 temperamento
978 1629 1017 1687 ad
1037 1645 1092 1684 nos
1112 1644 1186 1701 quo-

189 1746 245 1803 que
260 1728 335 1787 velut
355 1729 406 1788 rivi
427 1748 463 1787 ex
483 1731 532 1788 illo
552 1729 761 1806 benignissimo
781 1729 861 1788 fonte
883 1730 1045 1792 decurrunt,
1061 1742 1136 1802 quos
1158 1734 1188 1782 et

188 1827 298 1886 haurire
324 1829 379 1904 ipsi
401 1838 429 1887 et
453 1829 621 1888 absentibus
645 1828 745 1887 amicis
766 1829 849 1904 quasi
874 1829 1036 1886 ministrare
1057 1823 1187 1900 epistulis

189 1945 354 2001 possumus.
395 1927 478 1987 Vale.

443 2155 490 2201 -l-
511 2150 561 2203 ³5.
605 2140 733 2219 (BOOK
756 2163 781 2218 3.
807 2140 867 2219 21.)

221 2276 291 2340 Pliny
308 2284 399 2342 regrets
417 2279 458 2327 the
475 2278 550 2327 death
567 2277 596 2327 of
610 2258 710 2327 Martial
728 2278 769 2328 the
786 2285 860 2343 poet;
880 2277 929 2326 and
946 2277 1066 2326 mentions
1083 2277 1138 2326 that
1154 2280 1187 2328 he

187 2361 237 2408 had
255 2360 327 2408 made
350 2359 451 2409 Martial
474 2377 489 2409 a
511 2368 608 2424 present
630 2361 713 2410 besore
732 2361 764 2410 he
786 2359 830 2408 lest
852 2360 926 2424 Italy,
942 2360 967 2406 in
988 2367 1071 2408 return
1094 2360 1132 2410 sor
1153 2376 1186 2410 an

187 2443 306 2506 epigram,
318 2443 399 2492 which
410 2443 442 2491 he
454 2443 571 2506 subjoins.

410 2589 435 2629 C.
457 2590 567 2631 PLINIUS
589 2590 731 2631 CORNELIO
753 2590 849 2632 PRISCO
870 2590 923 2632 SUO
944 2589 967 2630 S.

207 2692 326 2769 ‘Audio
355 2712 501 2771 Valerium
529 2712 692 2771 Martialem
721 2713 881 2771 decessisse
912 2722 941 2771 et
969 2713 1092 2771 moleste
1112 2712 1187 2773 fero.

187 2808 256 2867 Erat
285 2811 374 2869 homo
402 2813 571 2888 ingeniosus
599 2823 699 2871 acutus
727 2830 801 2880 acer,
829 2819 857 2869 et
892 2812 942 2888 qui
969 2811 1124 2888 plurimum
1154 2814 1187 2870 in

189 2909 342 2966 scribendo
378 2919 407 2968 et
438 2911 505 2968 salis
532 2911 650 2969 haberet
678 2921 706 2969 et
735 2911 807 2969 fellis
835 2928 890 2969 nec
919 2910 1051 2968 candoris
1078 2912 1187 2972 minus

187 3007 361 3067 Prosecutus
386 3028 465 3067 eram
493 3011 595 3069 viatico
624 3011 825 3069 secedentem:
861 3010 999 3069 dederam
1027 3010 1084 3069 hoc
1113 3012 1188 3069 ami·

187 3108 278 3178 ciriae,
309 3107 446 3166 dederam
475 3110 561 3167 etiam
593 3110 739 3168 versiculis
767 3127 842 3186 quos
869 3108 906 3166 de
934 3127 981 3168 me
1010 3111 1212 3185 composuit5

185 3205 251 3263 Fuit
285 3207 374 3264 moris
409 3207 519 3282 antiqui
552 3227 603 3267 eos
635 3208 684 3285 qui
718 3210 762 3266 vel
798 3206 976 3283 singulorum
1001 3203 1110 3266 'laudes
1140 3212 1188 3270 vel

186 3306 299 3362 urbium
334 3306 509 3383 scripserant
543 3317 592 3365 aut
625 3307 785 3367 honoribus
821 3317 871 3366 aut
905 3307 1031 3384 pecunia
1064 3324 1187 3382 omare;

186 3405 292 3463 nostris
326 3422 394 3462 vero
424 3405 602 3479 temporibus
632 3415 662 3464 ut
691 3406 747 3463 alia
777 3407 910 3481 speciosa
939 3416 967 3464 et
1001 3405 1118 3481 egregia
1146 3407 1189 3466 ita

126 3547 133 3556 .
187 3500 243 3559 hoe
272 3505 303 3561 in
332 3504 432 3580 primis
463 3502 594 3562 exolevit.
636 3504 715 3563 Nam
743 3514 899 3580 postquam
928 3505 1064 3563 desiimus
1090 3504 1188 3565 facere

186 3599 340 3674 laudanda,
361 3602 470 3662 laudari
492 3620 608 3680 quoque
633 3604 762 3681 ineptum
788 3613 931 3679 putamus.
983 3603 1105 3678 Quaen's
1135 3606 1231 3685 quire
