2626 3976
152 170 312 220 LETTERS
335 171 380 220 OF
402 171 432 224 C.
447 172 594 221 PLINIUS
616 169 803 221 CAECILIUS
823 171 1017 244 SECUNDUS.
1055 155 1095 243 83

67 331 305 408 5custodiaeque
319 332 502 392 mandantur.
544 331 611 405 Quo
630 350 750 390 munere
769 327 969 391 Fannia-dum
992 332 1095 391 sedulo

95 427 231 506 fungitur,
246 431 304 491 hoc
318 431 483 491 discrimine
502 432 631 508 inplicita
645 441 696 490 est.
739 430 871 488 insident
890 429 994 502 febres,
1009 435 1096 491 tussis

93 528 237 599 increscit,
253 548 368 589 summa
381 532 499 604 macies,
513 547 629 589 summa
648 528 789 588 defectio:
811 530 925 588 animus
940 540 1052 589 tantum
1068 543 1097 590 et
1129 573 1132 576 -

97 628 213 702 spiritus
235 628 312 704 viget
336 628 473 688 Helvidio
498 631 611 701 marito,
633 629 765 687 Thrasea
788 638 868 704 patre
892 629 1096 705 dignissimus3

96 726 206 802 reliqua
219 727 356 785 labuntur
370 747 477 805 meque
488 747 549 787 non
561 739 641 787 metu
651 738 764 786 tanturn
774 737 875 786 verum
890 729 979 787 etiam
995 729 1097 789 dolore

52 845 83 880 ιο
96 825 263 884 conficiunt.
318 826 415 885 Doleo
443 829 522 886 enim
552 827 691 886 feminam
719 827 878 886 maximam
905 827 977 904 eripi
1005 828 1098 886 oculis

96 923 217 982 civitatis
232 925 332 984 nescio
352 944 390 983 an
410 926 519 1002 aliquid
539 927 631 985 simile
646 926 754 984 visuris.
799 926 883 998 Quae
906 927 1021 986 castitas
1040 926 1098 984 illil

96 1040 173 1098 quae
201 1023 354 1081 sanctitas!
391 1034 499 1100 quanta
526 1025 668 1100 gravitas!
704 1032 813 1101 quanta
841 1025 1021 1083 constantia!
1053 1025 1099 1104 bis

95 1121 234 1178 maritum
255 1131 355 1180 secuta
374 1123 405 1179 in
427 1123 544 1182 exilium
565 1132 617 1194 est,
636 1124 721 1181 tertio
741 1124 804 1200 ipsa
825 1133 944 1199 propter
962 1125 1099 1181 maritum

95 1219 234 1296 relegata.
293 1219 372 1278 Nam
407 1239 474 1278 cum
497 1220 635 1279 'Senecio
663 1239 729 1279 reus
757 1232 842 1293 esset,
870 1221 950 1297 quod
979 1221 1015 1278 de
1043 1223 1100 1280 vita

53 1338 82 1388 15
98 1317 218 1376 Helvidi
246 1319 335 1377 libros
363 1319 584 1395 composuisset,
610 1328 803 1396 rogatumque
831 1337 863 1378 se
892 1338 909 1377 a
933 1319 1045 1378 Fannia
1069 1319 1100 1377 in

98 1416 270 1476 defensione
299 1417 426 1488 dixisset,
451 1428 610 1494 quaerente
636 1419 788 1477 minaciter
815 1417 920 1476 Mettio
949 1417 1035 1490 Caro,
1061 1438 1099 1478 an

97 1525 240 1592 rogasset,
276 1517 428 1592 respondit
456 1517 593 1593 ‘rogavi'
629 1536 667 1575 an
703 1519 929 1578 commentarios
957 1519 1100 1595 scripturo

98 1613 237 1685 dedisset,
265 1613 370 1686 ‘dedi'
398 1635 436 1673 an
460 1617 570 1675 sciente
597 1625 697 1690 matre,
725 1615 898 1676 ‘nesciente'
910 1635 918 1689 ;
949 1626 1100 1693 postremo

98 1714 208 1772 nullam
229 1732 333 1772 vocem
355 1716 508 1774 cedentem
529 1717 658 1793 periculo
680 1717 788 1775 emisit·
825 1716 1013 1788 Quinetiam
1036 1717 1101 1778 illos

56 1832 86 1866 20
99 1813 182 1889 ipsos
206 1813 303 1886 libros,
325 1833 504 1890 quamquam
529 1834 566 1873 ex
590 1815 762 1874 necessitate
783 1824 812 1872 et
833 1825 914 1872 metu
933 1823 1100 1890 temporum

99 1911 225 1970 abolitos
253 1923 371 1971 senatus
399 1913 542 1984 consulto,
565 1914 717 1989 publicatis
737 1913 824 1970 bonis
847 1912 975 1984 servavit,
1000 1912 1101 1970 habuit

99 2011 222 2086 tulitque
244 2011 275 2068 in
298 2012 415 2070 exilium
437 2012 513 2069 exilii
537 2029 663 2071 causam.
715 2011 828 2069 Eadem
853 2029 942 2088 quam
965 2013 1100 2085 iucunda,

100 2127 191 2187 quam
219 2110 319 2182 comis,
345 2128 434 2186 quam
460 2110 594 2187 denique,
621 2110 701 2187 quod
722 2110 823 2186 paucis
849 2110 948 2170 datum
963 2122 1014 2183 est,
1040 2131 1102 2172 non

99 2209 199 2266 minus
212 2209 343 2267 amabilis
363 2227 451 2286 quam
465 2210 629 2268 veneranda
641 2212 647 2268 1
688 2209 789 2268 Eritne
803 2228 893 2286 quam
910 2221 1013 2286 postea
1027 2229 1101 2270 uxo-

57 2326 86 2375 ²5
101 2307 181 2366 ribus
202 2308 308 2366 nostris
329 2317 474 2367 ostentare
499 2309 667 2384 possimus?
708 2307 769 2366 Erit
791 2327 808 2367 a
828 2327 887 2384 qua
908 2309 960 2367 viri
982 2327 1101 2386 quoque

101 2405 275 2465 fortitudinis
297 2406 430 2483 exempla
452 2425 608 2478 sumamus,
630 2425 720 2484 quam
741 2408 782 2466 sic
805 2417 956 2466 cernentes
981 2407 1102 2465 audien·

100 2516 203 2582 tesque
225 2506 369 2578 miremur,
391 2516 423 2564 ut
446 2507 509 2564 illas
531 2525 605 2582 quae
630 2507 784 2583 leguntur?
831 2507 877 2564 Ac
902 2505 973 2563 mihi
995 2505 1102 2563 domus

101 2605 167 2680 ipsa
190 2613 290 2662 nutare
311 2604 507 2681 convulsaque
529 2605 645 2664 sedibus
666 2605 725 2664 suis
745 2605 853 2663 ruitura
874 2624 962 2682 supra
982 2604 1102 2676 videtur,

101 2703 169 2762 licet
204 2702 300 2763 adhuc
333 2712 467 2780 posteros
503 2703 616 2761 habeat
680 2703 804 2775 Quantis
839 2705 918 2762 enim
952 2703 1103 2762 virtutibus

58 2828 89 2876 30
102 2803 277 2879 quantisque
312 2801 394 2862 factis
430 2802 626 2879 adsequentur
667 2813 699 2861 ut
736 2803 810 2862 haec
849 2821 920 2862 non
945 2802 1104 2863 novissima

101 2902 260 2961 occiderit?
303 2900 356 2960 Me
374 2901 493 2978 quidem
511 2901 583 2961 illud
603 2904 689 2961 etiam
710 2903 822 2980 adfligit
840 2913 869 2962 et
882 2912 1006 2978 torquet,
1022 2901 1104 2978 quod

101 3011 228 3060 matrem
250 3002 320 3072 eius,
344 3001 423 3060 illam
446 2999 529 3081 (nihil
551 3019 673 3078 possum
698 3003 844 3063 inlustrius
873 2999 980 3080 dicere)
1005 3010 1105 3060 tantae

102 3101 230 3161 feminae
265 3111 396 3173 matrem,
424 3120 523 3161 rursus
550 3102 651 3160 videor
678 3102 815 3172 amittere,
845 3118 934 3176 quam
962 3100 1042 3171 haec,
1071 3109 1104 3157 ut

102 3201 198 3260 reddit
226 3219 261 3260 ac
282 3201 368 3260 refert
392 3202 486 3273 nobis,
512 3201 554 3260 sic
578 3199 688 3260 auferet
712 3218 813 3258 secum
835 3217 941 3276 meque
969 3208 997 3258 et
1024 3214 1104 3256 novo

60 3323 90 3373 35
103 3301 212 3377 pariter
225 3310 253 3359 et
266 3301 390 3360 rescisso
403 3301 521 3358 vulnere
540 3299 662 3358 adficiet.
703 3298 864 3376 Utramque
883 3298 988 3369 dilexi;
1008 3306 1103 3354 utram

10 3461 11 3470 ,
103 3400 208 3477 magis,
223 3401 332 3472 nescio,
347 3417 402 3458 nec
416 3398 541 3459 discerni
555 3398 700 3457 volebant.
739 3397 914 3458 Habuerunt
928 3397 1023 3455 officia
1036 3413 1104 3454 mea

10 3495 12 3570 ᾗ
104 3497 133 3556 iu
158 3499 302 3569 secundis,
323 3498 486 3556 habuerunt
507 3498 537 3557 in
562 3497 697 3557 adversis
738 3497 805 3574 Ego
827 3496 969 3555 solacium
993 3494 1105 3571 relega-

103 3605 207 3670 tarum,
229 3615 300 3675 ergo
320 3597 397 3657 ultor
417 3615 610 3669 reversamm;
640 3615 703 3657 non
725 3596 780 3658 feci
800 3607 898 3669 tamen
919 3595 1000 3672 paria
1019 3605 1107 3672 atque

579 3716 629 3756 oa
