2636 3980
163 149 340 228 'LETTERS
364 181 408 228 OF
427 182 456 232 0.
472 181 617 229 PLINIUS
640 181 825 230 CAECILIUS
843 183 1035 232 SECUNDUS.
1075 171 1118 250 45

126 339 167 398 vel
182 351 292 415 puncto
307 343 445 417 temporis
459 343 632 418 solebamus,
648 343 772 402 eandem
791 362 869 401 nunc
889 345 980 420 etqui
999 344 1118 401 recitare

90 449 153 508 r5et
167 439 215 515 qui
235 440 333 498 audire
354 441 448 500 triduo
462 442 548 500 velint
569 443 759 512 inveniuntur,
774 458 835 499 non
855 443 921 518 quia
939 442 1119 518 eloquentius

126 555 212 612 quam
232 539 319 614 prius,
342 539 393 597 sed
418 541 486 615 quia
507 540 622 598 liberius
642 539 766 616 ideoque
788 541 874 597 etiam
894 541 1027 598 libentius
1052 541 1120 598 scri·

126 638 205 695 bitur.
248 637 377 696 Accedet
398 657 467 714 ergo
489 638 545 696 hoc
567 657 683 715 quoque
704 639 835 698 laudibus
857 639 996 716 principis
1019 639 1119 707 nostri,

126 737 204 812 quod
228 755 274 795 res
296 747 382 796 antea
406 746 465 796 tarn
489 738 580 796 invisa
607 757 695 814 quam
722 737 795 796 falsa
822 756 899 796 nunc
927 747 959 796 ut
987 755 1053 794 vera
1080 737 1120 794 ita
1203 749 1206 764 ’

127 835 255 894 amabilis
276 831 353 894 facta
373 845 424 894 est.
468 835 526 894 Sed
547 855 604 912 ego
626 855 693 894 curn
714 837 841 895 studium
860 837 1037 894 audientium
1058 844 1119 892 tum

89 952 118 1000 30
127 933 260 992 iudicium
276 928 346 993 mire
366 935 501 1009 probavi:
531 935 718 1002 animadverti
735 937 813 993 enim
834 927 1012 992 severiasima
1033 953 1121 1010 quae·

127 1049 183 1106 que
197 1033 241 1090 vel
255 1033 381 1090 maxime
396 1034 568 1092 satisfacere.
611 1033 734 1092 Memini
749 1033 868 1111 quidem
886 1052 934 1092 me
949 1053 1009 1092 non
1024 1034 1120 1092 multis

126 1132 259 1190 recitasse
275 1133 356 1209 quod
369 1134 506 1191 omnibus
521 1135 628 1210 scripsi,
640 1133 730 1192 nihilo
745 1135 841 1191 minus
854 1142 961 1204 tamen,
973 1143 1121 1209 tamquam

127 1231 162 1288 sit
186 1231 289 1288 eadem
311 1232 442 1290 omniurn
466 1231 560 1291 sutura
584 1233 734 1302 sententia,
759 1233 814 1290 hac
838 1233 986 1290 severitate
1010 1233 1121 1289 aurium

127 1329 227 1400 laetor,
243 1348 277 1387 ac
293 1330 366 1388 sicut
381 1329 451 1388 olim
470 1331 581 1389 theatra
599 1332 673 1390 male
688 1332 816 1389 musicos
835 1349 938 1389 canere
954 1330 1121 1400 docuerunt,

88 1445 117 1493 35
129 1429 167 1486 ita
178 1447 256 1487 nunc
270 1429 299 1486 in
315 1447 397 1505 spem
411 1430 541 1488 adducor
560 1449 648 1507 posse
668 1430 727 1489 fieri
746 1440 778 1488 ut
798 1430 901 1488 eadern
922 1430 1032 1488 theatra
1045 1431 1121 1488 bene

128 1545 231 1585 canere
252 1529 379 1587 musicos
401 1529 533 1588 doceant.
576 1529 687 1588 Omnes
709 1531 787 1588 enim
808 1531 857 1605 qui
882 1529 1014 1605 placendi
1035 1546 1123 1586 causa

128 1627 255 1685 scribunt
276 1627 373 1701 qualia
393 1627 506 1703 placere
531 1628 652 1687 viderint
673 1630 805 1688 scribent.
847 1628 892 1686 Ac
913 1628 983 1685 mihi
1005 1627 1123 1703 quidem

129 1725 247 1784 confido
262 1726 290 1782 in
305 1726 362 1784 hoc
382 1744 488 1802 genere
508 1729 644 1785 materiae
663 1728 789 1786 laetioris
809 1726 863 1786 stili
885 1736 1017 1785 constare
1038 1726 1123 1783 ratio·

128 1837 205 1891 nem,
228 1838 295 1880 curn
318 1820 469 1895 capotius
491 1839 566 1896 quae
585 1823 711 1897 pressius
732 1832 762 1880 et
782 1821 945 1879 adstrictius
966 1839 1054 1896 quarn
1076 1819 1124 1876 illa

86 1934 120 1984 40
129 1937 203 1996 quae
218 1918 334 1977 hilarius
348 1929 376 1977 et
391 1920 473 1996 quasi
493 1920 665 1978 exultantius
685 1920 787 1995 scripsi
801 1919 912 1995 possint
926 1918 1014 1975 videri
1029 1935 1122 1976 arces-

129 2013 183 2072 sita
202 2023 229 2070 et
249 2013 387 2071 inducta:
417 2031 479 2072 non
498 2014 564 2073 ideo
584 2023 682 2072 tamen
698 2014 814 2089 segnius
828 2031 931 2090 precor
944 2021 976 2070 ut
990 2011 1123 2088 quando·

129 2129 186 2186 que
209 2112 304 2172 veniat
318 2112 379 2170 dies
399 2107 578 2189 (utinamque
596 2113 655 2172 iam
676 2113 784 2172 venerit
794 2109 823 2190 l),
847 2130 906 2188 quo
929 2111 1050 2169 austeris
1071 2109 1124 2168 illis

127 2210 292 2285 severisque
322 2210 417 2270 dulcia
450 2211 522 2270 haec
556 2210 719 2287 blandaque
752 2211 797 2270 vel
830 2211 905 2269 iusta
938 2210 1125 2288 possessione

128 2307 279 2368 decedant
327 2309 430 2368 Habes
453 2321 517 2368 acta
539 2329 604 2369 mea
632 2310 733 2382 tridui;
769 2311 873 2386 quibus
896 2309 1021 2385 cognitis
1048 2308 1125 2366 volui

85 2424 117 2474 45
128 2416 241 2466 tanturn
255 2415 283 2464 te
297 2408 450 2484 voluptatis
469 2410 620 2468 absentem
640 2419 669 2467 et
690 2408 852 2468 studiorum
871 2409 991 2467 nomine
1010 2417 1038 2468 et
1056 2424 1123 2466 meo

128 2509 243 2582 capere,
258 2516 397 2581 quantum
411 2525 547 2582 praesens
561 2495 709 2584 percipere
723 2509 877 2584 potuisses.
920 2506 1002 2564 Vale.

450 2764 500 2817 aa.
543 2758 720 2839 (ssoou3.
747 2757 804 2836 19.)

166 2905 238 2968 Pliny
254 2903 312 2954 nslrs
329 2906 367 2954 lor
383 2904 468 2954 advice
485 2905 510 2953 in
522 2906 610 2969 regard
627 2913 654 2955 to
671 2908 713 2956 the
728 2908 848 2972 purchase
863 2907 893 2956 of
903 2924 934 2960 an
950 2913 1028 2956 estate
1045 2906 1126 2955 which

128 3005 188 3038 runs
200 2989 253 3037 into
265 2989 303 3036 his
315 2995 438 3052 property.
473 2989 515 3036 He
526 2988 646 3039 describes
658 2991 700 3040 the
714 2991 866 3054 advantages
878 2992 926 3040 and
938 2991 1127 3053 disadvantages

129 3073 162 3122 os
176 3068 315 3137 possessir'rg
329 3071 356 3128 it,
368 3087 459 3136 among
475 3072 516 3120 the
533 3072 606 3120 latter
621 3074 662 3122 the
679 3073 809 3122 miserable
823 3073 948 3122 condition
964 3073 993 3122 of
1005 3073 1046 3122 the
1057 3072 1127 3120 culti·

129 3163 225 3205 vators.

372 3275 397 3315 C.
419 3274 529 3316 PLINIUS
550 3276 678 3318 CALVISIO
699 3277 776 3317 RUFO
796 3276 849 3318 SUO
870 3277 892 3319 S·

176 3403 310 3463 Adsumo
325 3414 353 3464 te
372 3406 402 3462 in
422 3405 574 3464 consilium
595 3407 635 3464 rei
657 3405 811 3477 familiaris,
825 3417 857 3466 ut
878 3407 968 3466 soleo
1011 3405 1130 3463 Praedia

131 3505 212 3580 agris
233 3503 307 3562 meis
327 3504 421 3563 vicina
442 3514 527 3580 atque
548 3505 635 3563 etiarn
656 3505 762 3564 inserta
774 3493 893 3564 ¹venalia
913 3515 987 3564 sunt.
1029 3504 1064 3561 In
1086 3505 1130 3563 his

132 3622 185 3664 me
201 3603 291 3663 multa
305 3601 466 3679 sollicitant,
482 3604 577 3682 aliqua
591 3624 646 3664 nec
666 3605 780 3664 minora
799 3605 951 3666 deterrent.
992 3604 1130 3665 Sollicitat
