2626 3976
155 219 158 223 ¹
180 195 340 249 LETTERS
363 201 407 249 OF
429 203 458 252 C.
473 203 622 252 PLINIUS
644 203 830 253 CAECILIUS
850 205 1044 254 SECUNDUS.
1086 207 1126 272 99

446 394 500 451 rs.
542 385 672 464 (BOOK
695 411 722 466 9.
747 388 808 469 21.)

176 524 248 590 Pliny
260 527 321 592 begs
333 543 348 577 a
359 530 454 594 pardon
466 529 530 581 srom
541 530 688 580 Sabinianus
699 531 737 580 ior
748 548 763 581 a
775 532 899 582 freedman
911 532 940 582 of
948 532 989 582 the
1000 530 1074 584 latter

470 615 527 663 who
539 615 589 663 had
602 614 714 664 offended
724 614 784 664 him.
836 615 838 620 '

403 751 428 793 C·
443 751 556 792 PLINIUS
576 751 729 793 SABINIANO
750 751 803 792 SUO
823 751 846 792 S.

166 856 300 919 Libertus
319 871 392 934 tuus,
409 864 454 922 cui
474 881 644 923 suscensere
659 873 687 922 te
709 863 832 935 dixeras,
847 864 925 922 venit
944 864 983 923 ad
1002 881 1051 922 me
1072 863 1123 922 ad·

123 955 297 1034 volutusque
333 961 456 1038 pedibus
495 963 569 1022 meis
603 971 753 1039 tamquam
787 963 844 1021 tuis
878 962 978 1022 haesit,
1033 961 1125 1020 Flevit

122 1055 255 1130 multum,
283 1060 406 1118 multum
430 1062 548 1139 rogavit,
573 1063 696 1121 multum
721 1062 808 1120 etiam
831 1061 928 1130 tacuit,
953 1060 984 1118 in
1008 1079 1123 1119 summa

122 1154 191 1215 fecit
224 1157 296 1217 mihi
326 1159 415 1218 fidem
449 1161 650 1237 paenitentiae.
704 1160 780 1218 Vere
809 1158 897 1218 credo
925 1160 1120 1231 emendatum,

92 1261 107 1312 5
122 1255 191 1331 quia
206 1255 360 1335 deliquisse
375 1277 407 1318 se
427 1261 520 1319 sentit.
562 1259 705 1331 Irasceris,
722 1259 791 1330 sci0,
807 1267 836 1317 et
856 1257 987 1316 irasceris
1007 1258 1119 1329 merito,

120 1354 151 1413 id
179 1373 297 1434 quoque
325 1359 406 1418 scio:
441 1360 493 1418 sed
517 1369 587 1419 tunc
610 1359 766 1437 praecipua
792 1356 1022 1417 mansuetudinis
1049 1356 1119 1429 lam,

120 1472 189 1512 cum
209 1455 268 1515 irae
289 1474 378 1516 causa
397 1457 552 1517 iustissima
570 1467 622 1517 est.
664 1457 779 1516 Amasti
800 1456 950 1515 hominem
972 1464 1009 1528 et,
1024 1472 1119 1531 spero,

119 1553 252 1612 amabis:
281 1554 395 1613 inten'm
420 1556 522 1616 sufficit
540 1566 572 1615 ut
591 1556 704 1617 exorari
724 1567 752 1616 te
766 1557 852 1614 sinas.
893 1554 1008 1613 Licebit
1021 1571 1119 1613 rursus

120 1652 215 1723 irasci,
233 1653 257 1712 si
271 1654 414 1727 meruerit,
428 1656 508 1732 quod
521 1667 657 1716 exoratus
673 1655 838 1715 excusatius
852 1653 949 1714 facies.
992 1651 1119 1712 Remitte

76 1764 107 1799 10
119 1750 229 1826 aliquid
263 1751 474 1814 adulescentiae
505 1755 604 1832 ipsius,
632 1756 744 1814 remitte
772 1753 920 1834 lacrimis,
934 1752 1046 1810 remitte
1073 1753 1119 1810 in-

119 1848 284 1924 dulgentiae
311 1859 395 1910 tuae:
432 1871 469 1911 ne
497 1855 615 1913 torseris
639 1855 728 1925 illum,
756 1871 795 1910 ne
822 1851 938 1911 torseris
966 1850 1051 1908 etiam
1080 1860 1116 1908 te.

118 1947 277 2024 Torqueris
291 1950 379 2022 enim,
393 1969 461 2010 cum
480 1961 540 2010 tam
558 1953 631 2011 lenis
652 1952 790 2012 irasceris
831 1949 943 2008 Vereor
964 1967 1001 2008 ne
1020 1948 1117 2008 videar

118 2063 182 2104 non
209 2065 321 2124 rogare,
350 2050 403 2108 sed
430 2067 545 2126 cogere,
573 2052 599 2109 si
626 2051 760 2127 precibus
788 2051 850 2108 eius
877 2065 958 2106 meas
986 2048 1116 2106 iunxero.

116 2145 243 2222 Iungam
258 2158 356 2206 tamen
370 2158 451 2208 tanto
465 2150 579 2226 plenius
592 2159 622 2210 et
635 2150 762 2221 effusius,
777 2157 888 2226 quanto
908 2148 1004 2224 ipsum
1022 2146 1115 2205 acrius

73 2255 103 2305 ¹5
117 2245 301 2323 severiusque
320 2248 443 2324 corripui
463 2249 595 2307 destricte
616 2249 741 2308 minatus
762 2265 923 2324 numquam
941 2263 989 2303 me
1012 2252 1115 2321 postea

115 2353 294 2419 rogaturum.
336 2345 406 2406 Hoc
425 2347 471 2419 illi,
486 2365 575 2424 quem
593 2347 691 2406 terreri
710 2346 870 2423 oportebat,
886 2345 937 2403 tibi
950 2362 1012 2402 non
1025 2342 1114 2402 idem.

116 2439 195 2499 Nam
218 2440 339 2502 sortasse
361 2445 464 2503 iterum
487 2447 609 2522 rogabo,
630 2446 793 2521 impetrabo
815 2444 935 2502 iterum:
965 2442 1001 2500 sit
1022 2440 1113 2499 modo

115 2539 172 2598 tale
185 2548 218 2598 ut
231 2559 334 2618 rogare
348 2559 405 2616 me,
419 2552 451 2601 ut
464 2555 608 2620 praestare
622 2552 650 2602 te
665 2543 775 2603 deceat.
817 2541 900 2601 Vale.

440 2733 495 2812 ao'.
537 2751 668 2832 (noos
691 2773 717 2828 9.
742 2748 804 2830 23.)

147 2888 227 2954 Pliny,
235 2885 338 2955 hearing
348 2890 402 2940 that
414 2891 453 2941 his
463 2909 535 2942 name
550 2892 571 2941 is
582 2892 689 2957 coupled
699 2891 760 2941 with
775 2891 830 2940 that
842 2890 871 2941 os
878 2889 987 2948 Tacitus,
998 2889 1048 2939 and
1058 2889 1111 2940 also

112 2970 205 3021 known
223 2987 255 3021 on
271 2973 304 3022 its
321 2989 376 3022 own
393 2975 484 3032 ments,
502 2976 523 3023 is
538 2975 665 3039 delighted
681 2974 742 3024 with
760 2974 828 3024 these
844 2988 985 3023 assurances
1001 2973 1057 3022 that
1073 2973 1112 3024 his

111 3053 214 3119 literary
224 3055 289 3106 fame
299 3055 321 3105 is
331 3056 403 3121 fairly
414 3057 572 3108 established.
646 3057 654 3074 ⁶

404 3203 429 3244 C.
451 3203 563 3244 PLINIUS
584 3203 700 3244 Mnxttuo
721 3203 774 3244 SUO
794 3203 818 3244 S.

152 3316 331 3396 Frequenter
352 3318 449 3394 agenti
469 3317 540 3376 mihi
560 3317 656 3376 evenit
676 3325 708 3375 ut
729 3316 906 3390 centumviri,
921 3334 989 3375 cum
1008 3313 1058 3373 diu
1078 3330 1110 3372 se

109 3417 185 3476 intra
203 3417 333 3478 iudicum
354 3417 553 3477 auctoritatem
573 3416 802 3494 gravitatemque
822 3417 989 3484 tenuissent,
1005 3431 1110 3473 omnes

109 3525 231 3593 repente
259 3517 343 3594 quasi
370 3517 438 3576 victi
465 3515 617 3593 coactique
645 3524 856 3593 consurgerent
883 3512 1107 3593 laudarentque;

6 3627 7 3634 ³
109 3613 275 3694 {requenter
308 3634 327 3677 e
353 3625 457 3678 senatu
484 3614 601 3687 famam,
630 3614 748 3694 qualem
775 3614 902 3675 maxime
928 3621 1108 3690 optaveram,

582 3732 635 3774 ua
