2636 3980
190 158 212 220 4
461 148 485 196 ,4
510 149 711 198 sarsorrorv
730 150 833 199 ntroin
855 149 924 199 rna

538 333 569 387 ὅ.
611 325 740 405 (ΒοοΚ
763 345 789 386 1.
813 323 852 406 9.)
913 315 963 368 ’Υ

189 437 256 509 'me
267 459 417 509 industriosis
431 458 518 508 nesure
530 459 560 507 os
568 457 610 507 ne
622 464 726 522 country
736 457 757 506 rs
768 455 908 520 delightsul,
921 457 1055 521 compared
1066 456 1127 506 wita
1139 453 1181 504 ne

515 542 577 605 busy
588 541 692 590 idleness
704 541 734 589 of
741 540 783 589 the
795 547 870 590 town.

404 671 428 712 C.
449 669 562 711 PLINIUS
583 669 704 710 MINUCIO
726 669 863 710 FUNDANO
884 669 937 710 SUO
958 669 980 709 S.

234 777 344 836 Mirum
363 786 407 836 est
424 795 513 853 quam
532 775 652 852 singulis
669 775 771 835 diebus
790 776 820 834 in
837 777 908 834 urbe
927 775 1001 836 ratio
1016 784 1065 835 aut
1079 785 1193 835 constet

193 887 244 936 aut
257 887 391 936 constare
405 876 543 946 videatur,
558 874 686 951 pluribus
700 874 862 951 iunctisque
877 893 938 933 non
953 886 1079 948 constet.
1112 874 1193 933 Nam

190 978 307 1060 siquem
332 977 492 1052 interroges
515 974 619 1032 ‘hodie
639 973 709 1050 quid
735 971 849 1049 egistii'
881 974 1057 1050 respondeat
1078 973 1192 1032 ‘officio

192 1085 281 1152 togae
301 1075 388 1134 virilis
410 1074 532 1145 interfui,
555 1074 702 1151 sponsalia
723 1083 772 1130 aut
796 1074 912 1150 nuptias
937 1073 1124 1151 frequentavi,
1146 1071 1193 1130 ille

192 1192 241 1232 me
260 1173 298 1233 ad
318 1155 494 1251 signandum
512 1184 726 1242 testamentum,
741 1172 786 1230 ille
804 1171 833 1228 in
853 1172 1084 1244 advocationem,
1100 1171 1146 1230 ille
1161 1172 1222 1230 ins

193 1273 349 1332 consilium
368 1269 496 1349 rogavit?
539 1271 624 1331 Haec
639 1289 698 1349 quo
714 1270 760 1330 die
776 1270 878 1328 feceris
892 1271 1064 1341 necessaria,
1080 1270 1192 1342 eadem,

193 1372 218 1430 si
239 1371 345 1430 cotidie
369 1371 471 1430 fecisse
492 1381 521 1429 te
546 1380 670 1445 reputes
692 1369 791 1429 inania
811 1369 952 1439 videntur,
973 1370 1064 1427 multo
1089 1368 1194 1445 magis,

193 1488 261 1528 curn
276 1470 439 1530 secesseris,
471 1468 558 1526 Tunc
570 1469 648 1526 enim
664 1468 739 1526 subit
752 1469 913 1527 recordatio
926 1473 1015 1544 ‘quot
1028 1468 1089 1526 dies
1105 1485 1195 1544 quarn

193 1567 304 1643 frigidis
328 1570 414 1627 rebus
437 1565 614 1643 absumpsil'
648 1566 727 1645 quod
752 1567 846 1625 evenit
872 1565 951 1636 mihi,
977 1575 1134 1643 postquam
1163 1567 1195 1623 in

193 1667 371 1727 Laurentino
387 1685 454 1725 meo
469 1676 518 1724 aut
532 1665 599 1741 lego
614 1665 720 1742 aliquid
735 1676 784 1723 aut
802 1665 895 1724 scribo
910 1674 959 1722 aut
974 1665 1062 1723 etiam
1077 1665 1194 1741 corpori
1211 1679 1242 1714 10

193 1783 276 1837 vaco,
301 1766 382 1824 cuius
407 1765 518 1823 fulturis
542 1763 658 1830 animus
683 1765 845 1822 sustinetur.
898 1762 977 1820 Nihil
1002 1762 1090 1821 audio
1113 1765 1196 1840 quod
1228 1767 1233 1776 ’

195 1864 318 1935 audisse,
340 1862 410 1920 nihil
433 1863 499 1922 dico
519 1861 600 1939 quod
621 1860 729 1920 dixisse
750 1861 909 1936 paeniteat:
936 1879 1025 1919 nemo
1046 1860 1124 1936 apud
1146 1880 1194 1920 me

194 1979 372 2038 quemquam
392 1961 512 2020 sinistris
533 1960 716 2019 sermonibus
736 1959 835 2036 carpit,
853 1960 1002 2018 neminem
1019 1960 1081 2036 ipse
1098 1977 1195 2035 repre-

193 2059 301 2130 hendo,
322 2059 378 2118 nisi
398 2068 497 2117 tamen
515 2077 572 2128 me,
593 2077 661 2117 cum
679 2077 782 2134 parum
801 2059 958 2117 commode
978 2059 1091 2129 scrib0;
1116 2059 1196 2117 nulla

195 2175 256 2233 spe,
272 2157 351 2215 nullo
371 2158 474 2216 timore
494 2157 639 2228 sollicitor,
659 2144 744 2216 nullis
763 2157 926 2215 rumoribus
947 2157 1106 2233 inquietor:
1131 2177 1194 2216 me·
1211 2173 1240 2222 15

195 2273 263 2315 cum
282 2264 395 2313 tanturn
415 2265 443 2312 et
463 2273 532 2313 cum
551 2256 652 2314 libellis
669 2254 782 2332 loquor.
825 2253 977 2314 Orectam
993 2256 1195 2332 sinceramque

194 2356 290 2426 vitam,
311 2354 339 2415 Ο
360 2356 443 2415 dulce
462 2357 554 2414 otium
573 2355 787 2430 honestumque
806 2372 841 2412 ac
860 2371 953 2430 paene
973 2356 1054 2412 omni
1074 2357 1195 2433 negotio

194 2454 358 2532 pulchrius!
391 2452 419 2513 Ο
443 2471 531 2525 mare,
559 2452 586 2513 Ο
611 2455 686 2524 litus,
712 2471 811 2511 verum
840 2462 1040 2529 secretumque
1065 2460 1194 2527 μουσεῖον,

196 2572 285 2631 quam
298 2554 389 2612 multa
403 2553 543 2623 invenitis,
560 2570 647 2630 quam
662 2551 752 2608 multa
767 2552 896 2609 dictatisl
936 2551 1062 2610 Proinde
1076 2563 1106 2610 tu
1121 2571 1196 2629 quo-

196 2670 253 2729 que
268 2653 418 2727 strepitum
431 2652 517 2709 istum
534 2651 708 2726 inanemque
723 2648 884 2708 discursum
899 2660 928 2709 et
942 2650 1065 2709 multum
1080 2652 1195 2728 ineptos
1212 2667 1243 2704 20

197 2751 319 2821 labores,
334 2758 365 2807 ut
384 2751 511 2826 primurn
532 2749 613 2808 fuerit
633 2750 759 2820 occasio,
777 2749 907 2826 relinque
927 2759 1014 2825 teque
1035 2749 1135 2809 studiis
1150 2751 1196 2808 vel

198 2849 258 2907 otio
270 2850 359 2908 trade.
386 2849 480 2908 Satius
492 2859 535 2908 est
546 2849 633 2919 enirn,
642 2858 674 2907 ut
685 2847 789 2906 Atilius
801 2857 899 2906 noster
908 2849 1098 2907 eruditissime
1110 2848 1197 2908 simul

198 2959 226 3008 et
241 2949 413 3010 facetissime
428 2950 507 3019 dixit,
523 2950 649 3008 otiosum
664 2967 728 3007 esse
744 2966 832 3025 quam
845 2947 915 3006 nihil
930 2966 1025 3024 agere.
1067 2947 1149 3007 Vale.

530 3138 561 3192 o.
604 3129 733 3210 (soon
758 3149 782 3188 1.
808 3099 922 3209 nn*L

248 3261 320 3326 Pliny
331 3261 454 3311 describes
465 3261 508 3311 the
519 3261 630 3326 pleasure
642 3261 690 3311 and
701 3261 775 3326 profit
786 3261 868 3310 which
880 3261 911 3311 he
923 3262 1018 3312 derives
1029 3261 1093 3312 from
1105 3263 1148 3312 the

360 3344 476 3409 teaching
487 3345 535 3394 and
546 3345 659 3409 example
671 3345 699 3394 of
707 3345 748 3394 the
760 3345 879 3394 excellent
891 3345 1038 3410 Euphrates.

422 3474 447 3515 c.
468 3474 580 3515 rmmus
600 3450 690 3515 Arrio
711 3473 859 3515 cusnsrrrr
879 3474 933 3514 suo
954 3475 976 3515 s.

243 3580 391 3659 Siquando
420 3582 489 3640 urbs
521 3591 622 3640 nostra
651 3578 817 3638 liberalibus
849 3580 949 3639 studiis
980 3579 1085 3653 floruit,
1117 3599 1199 3640 nunc
