2636 3980
199 158 359 206 narrans
383 158 427 207 or
450 122 642 207 ossrrruns
665 157 853 205 exsertius
874 157 1069 210 sncunnus.
1104 159 1146 228 59

119 304 122 317 ¹
144 319 174 376 in
202 319 356 378 consilium
379 319 454 378 duos
477 337 553 395 quos
577 328 647 378 tunc
670 318 768 376 civitas
793 326 892 377 nostra
916 319 1145 395 spectatissimos

143 415 250 488 habuit,
287 417 443 476 Corellium
483 427 512 476 et
546 416 727 476 Frontinum.
790 415 847 476 His
883 417 1077 477 circumdatus
1113 418 1144 476 in

103 516 277 574 zocubiculo
302 535 369 575 meo
394 516 472 576 sedi:
508 516 580 575 dixit
602 516 745 576 Curianus
771 534 845 591 quae
869 534 923 592 pro
949 535 980 574 se
1004 517 1143 592 putabat:

143 617 282 692 respondi
296 618 396 694 paucis
410 637 466 694 ego
486 615 592 696 (neque
613 617 692 675 enim
711 616 810 676 aderat
828 617 899 675 alius
921 618 970 692 qui
990 617 1144 676 defunctae

143 715 286 791 pudorem
309 715 464 794 tueretur):
495 716 600 774 deinde
624 715 730 775 secessi
753 725 783 774 et
804 734 842 774 ex
866 717 978 775 consilii
1001 715 1144 774 sententia

144 813 283 873 ‘videtur’
319 815 448 891 inquam,
484 813 639 886 ‘Curiane,
674 824 767 872 mater
801 802 853 872 tua
884 815 973 874 iustas
1007 814 1145 872 habuisse

144 931 246 973 causas
261 913 403 972 irascendi
421 913 490 971 ribi!
532 913 604 972 Post
625 914 682 972 hoc
701 913 747 970 ille
765 931 832 971 curn
853 916 955 972 ceteris
976 913 1146 988 subscripsit

103 1012 349 1078 25centumvirale
370 1012 519 1082 iudicium,
541 1029 602 1069 non
624 1011 793 1087 subscripsit
813 1029 937 1070 mecum.
980 1012 1144 1089 Adpetcbat

142 1110 240 1169 iudicii
255 1111 324 1169 dies.
366 1109 531 1168 Coheredes
548 1109 606 1166 mei
625 1127 794 1185 conponere
815 1119 843 1168 et
864 1111 1022 1186 transigere
1044 1111 1142 1186 cupie-

144 1209 223 1279 bant,
249 1223 309 1267 non
338 1209 495 1267 diffidentia
520 1227 632 1279 causae,
657 1208 709 1266 sed
734 1218 814 1266 metu
840 1218 1013 1284 temporum.
1055 1209 1144 1268 Vere-

143 1309 251 1366 bantur
275 1307 356 1383 quod
381 1309 517 1366 videbant
538 1307 635 1365 multis
663 1307 809 1380 accidisse,
833 1325 870 1365 ne
891 1326 926 1366 ex
948 1309 1144 1366 centumvirali

145 1407 251 1466 iudicio
266 1407 367 1484 capitis
387 1408 427 1466 rei
446 1407 564 1466 exirent.
606 1407 645 1464 Et
666 1418 747 1466 erant
768 1408 886 1483 quidam
908 1409 939 1466 in
959 1408 1013 1466 illis
1039 1409 1144 1484 quibus

105 1527 136 1576 30
146 1506 223 1564 obici
246 1515 274 1564 et
297 1505 433 1565 Gratillae
457 1505 582 1563 arnicitia
604 1517 632 1564 et
658 1505 770 1566 Rustici
793 1517 901 1584 posset.
951 1508 1072 1584 Rogant
1096 1525 1145 1565 me

145 1616 176 1663 ut
192 1623 259 1663 cum
274 1603 400 1662 Curiano
414 1605 524 1680 loquar.
567 1603 767 1664 Convenimus
786 1607 816 1663 in
836 1606 939 1666 aedem
954 1606 1144 1665 Concordiae.

145 1705 191 1764 Ibi
215 1723 271 1780 ego
295 1707 337 1764 ‘si
361 1704 464 1764 mater'
487 1706 608 1782 inquam
632 1710 676 1764 ‘te
698 1725 734 1765 ex
757 1718 838 1784 parte
864 1717 963 1785 quarta
984 1708 1146 1783 scripsisset

145 1802 291 1874 heredem,
320 1823 392 1862 num
419 1805 500 1880 queri
528 1806 650 1880 posses?
705 1804 784 1876 Quid
809 1807 833 1864 si
861 1805 999 1864 heredem
1027 1805 1145 1882 quidem

146 1902 315 1961 instituisset
342 1922 378 1961 ex
414 1921 487 1974 asse,
516 1902 569 1960 sed
596 1901 697 1979 legatis
732 1904 772 1962 ita
807 1904 994 1975 exhausisset,
1024 1914 1056 1962 ut
1083 1921 1145 1961 non

105 2021 135 2070 35
146 2004 269 2078 amplius
290 2004 368 2079 apud
390 2012 527 2078 tequam
553 2013 654 2078 quarta
674 2006 855 2064 remaneret?
898 2004 989 2080 Igitur
1014 2003 1145 2063 sufficere

146 2103 198 2160 tibi
226 2102 321 2173 debet,
350 2102 374 2160 si
409 2101 599 2160 exheredatus
634 2122 651 2161 a
682 2113 774 2163 matre
808 2115 940 2182 quartam
968 2115 1080 2181 partem
1108 2104 1145 2161 ab

145 2200 301 2259 heredibus
329 2201 390 2259 eius
418 2201 552 2277 accipias,
582 2219 670 2276 quam
697 2212 797 2262 tamen
828 2222 886 2281 ego
915 2205 1038 2279 augebo
1082 2203 1144 2262 Scis

145 2309 174 2358 te
202 2317 264 2359 non
292 2301 496 2376 subscripsisse
531 2317 647 2358 mecum
682 2311 711 2360 et
738 2303 797 2361 iam
824 2303 975 2361 biennium
1009 2303 1145 2360 transisse

144 2399 303 2475 omniaque
339 2417 387 2458 me
422 2417 478 2458 usu
506 2400 626 2475 cepisse.
683 2400 741 2460 Sed
771 2413 803 2461 ut
831 2413 859 2462 te
894 2402 1052 2461 coheredes
1087 2400 1145 2459 mei

103 2524 135 2572 40
144 2498 368 2558 tractabiliorem
396 2499 587 2576 experiantur,
610 2509 700 2577 utque
727 2501 778 2559 tibi
800 2502 870 2560 nihil
894 2501 1042 2560 abstulerit
1062 2519 1143 2558 reve·

144 2598 237 2655 rentia
251 2599 317 2670 mei,
332 2597 423 2656 offero
443 2616 498 2674 pro
517 2617 583 2656 mea
604 2610 684 2676 parte
706 2601 894 2660 tantundem!
937 2599 1005 2658 Tuli
1019 2599 1144 2657 fructum

144 2715 207 2755 non
242 2697 437 2755 conscientiae
473 2697 562 2756 modo
592 2717 690 2756 verum
719 2700 805 2757 etiam
834 2698 937 2756 famae.
993 2697 1045 2756 Ille
1073 2716 1144 2775 ergo

145 2795 289 2855 Curianus
311 2796 439 2873 legatum
459 2796 529 2854 mihi
551 2795 664 2872 reliquit
686 2806 714 2855 et
737 2797 845 2855 factum
866 2814 973 2866 meum,
995 2797 1050 2854 nisi
1071 2796 1145 2856 forte

145 2895 280 2954 blandior
308 2897 386 2967 mihi,
412 2897 562 2972 antiquum
591 2895 709 2953 notabili
737 2895 848 2953 honore
877 2893 1006 2971 signavit.
1060 2894 1144 2955 Haec

102 3016 133 3066 45
144 2995 196 3054 tibi
221 2997 330 3072 scripsi,
355 2996 423 3073 quia
451 2996 487 3054 de
517 2995 653 3053 omnibus
678 3013 753 3070 quae
781 3012 828 3050 me
856 2993 901 3051 vel
930 2993 1072 3052 delectant
1100 2996 1144 3053 vel

144 3106 257 3170 angunt
278 3115 339 3154 non
359 3095 439 3154 aliter
457 3104 554 3153 tecum
572 3111 661 3170 quarn
675 3111 791 3151 mecum
809 3093 889 3168 loqui
908 3092 1005 3165 soleo;
1038 3093 1143 3150 deinde

143 3193 227 3270 quod
255 3195 360 3252 durum
388 3195 590 3252 existimabam
615 3203 643 3250 te
672 3192 902 3251 amantissimum
930 3193 988 3250 mei
1012 3191 1145 3250 fraudare

143 3294 291 3368 voluptate
320 3311 408 3369 quam
434 3293 497 3369 ipse
533 3292 693 3367 capiebam.
750 3291 855 3368 Neque
882 3293 962 3350 enirn
990 3308 1055 3348 sum
1083 3299 1144 3349 tam

144 3391 270 3467 sapiens
296 3404 328 3450 ut
350 3392 420 3450 nihil
442 3411 508 3451 mea
532 3391 649 3462 intersit,
673 3410 712 3450 an
736 3390 770 3449 iis
795 3410 869 3468 quae
894 3392 1016 3449 honeste
1040 3388 1144 3450 fecisse

104 3511 135 3560 50
144 3508 194 3549 me
219 3490 307 3549 credo
328 3491 490 3550 testificatio
512 3491 656 3567 quaedam
677 3500 705 3549 ct
727 3491 808 3568 quasi
831 3488 992 3567 praemium
1016 3488 1145 3548 accedat.
1220 3547 1225 3560 ,

145 3587 229 3648 Vale.
