2636 3980
623 147 627 174 ¹
650 143 653 162 l

197 295 355 346 LETTERS
379 298 422 345 OF
444 299 474 349 0.
490 290 636 348 PLINIUS
649 263 802 350 luctuosa]
807 299 847 346 US
868 299 1059 355 SECUNDUS.
1109 297 1129 366 5

131 457 256 522 maxime
280 457 372 516 floret.
423 455 518 518 Multa
544 457 678 534 claraque
704 457 839 534 exempla
865 468 953 531 sunt3
986 459 1131 518 sufficeret

130 574 230 628 unum,
255 555 417 631 Euphrates
442 557 640 634 philosophus.
691 555 781 616 Hunc
806 574 863 632 ego
888 558 919 615 in
945 556 1035 634 Syria,
1061 575 1131 616 cum

132 653 364 720 adulescentulus
383 656 544 726 militarem,
564 656 680 732 penitus
699 665 727 714 et
746 656 828 715 dorni
848 657 962 731 inspexi
983 657 1130 732 amarique

105 761 118 810 5
132 755 168 813 ab
179 773 218 842 eo
233 754 369 826 laboravi,
384 754 439 814 etsi
457 772 518 812 non
537 764 598 814 erat
617 755 818 813 laborandum.
861 753 914 815 Est
932 756 1010 814 enim
1027 756 1131 814 obvius
1148 757 1270 799 emat.-

132 862 160 916 et
180 872 216 912 ex
233 840 328 912 ‘d‘situs
347 853 507 929 plenusque
526 853 713 923 humanitate,
734 871 823 930 quarn
841 855 990 931 praecipit.
1032 853 1131 930 Atque

132 953 242 1012 utinam
257 952 298 1010 sic
312 953 376 1028 ipse
387 970 479 1029 quam
498 971 582 1028 spem
597 961 665 1012 tunc
680 951 726 1010 ille
740 952 777 1012 de
792 971 840 1011 me
854 954 991 1030 concepit
1008 952 1128 1028 implev-

103 1043 110 1120 i
132 1053 212 1121 erim,
233 1060 265 1110 ut
285 1052 331 1110 ille
352 1051 475 1110 multum
495 1051 644 1110 virtutibus
665 1051 723 1110 suis
744 1049 873 1112 addiditl
901 1062 951 1112 aut
973 1070 1030 1130 ego
1052 1070 1131 1110 nunc

131 1150 192 1210 illas
206 1131 300 1226 magis
314 1151 410 1221 miror,
425 1150 493 1226 quia
506 1151 601 1226 magis
615 1149 761 1226 intellego,
797 1149 985 1226 Quamquam
1000 1169 1038 1210 ne
1052 1168 1132 1210 nunc

90 1249 251 1327 mquidem
270 1250 339 1308 satis
358 1249 504 1324 intellego,
546 1247 588 1308 Ut
602 1249 680 1306 enirn
696 1249 732 1306 de
747 1249 857 1325 pictore
873 1249 1017 1325 scalptore
1033 1247 1212 1310 fictorer'n'o

133 1350 188 1410 nisi
211 1347 313 1408 artifex
336 1349 468 1419 iudicare,
490 1347 531 1406 ita
551 1347 607 1406 nisi
629 1347 746 1423 sapiens
767 1365 828 1406 non
850 1357 947 1423 potest
967 1347 1133 1424 perspicere
1156 1355 1170 1362 “’

133 1448 302 1525 sapientem.
345 1446 495 1519 Quantum
516 1456 615 1505 tamen
640 1447 711 1504 mihi
736 1465 853 1506 cernere
875 1447 966 1520 datur,
988 1448 1079 1508 multa
1102 1447 1135 1508 in·

133 1545 281 1623 Euphrate
297 1547 337 1606 sic
351 1548 481 1605 eminent
498 1557 525 1605 et
543 1547 667 1615 elucent,
682 1555 714 1602 ut
732 1545 916 1603 mediocriter
930 1564 1046 1622 quoque
1061 1546 1132 1604 doc·

105 1637 111 1707 l
133 1656 179 1705 tos
193 1646 342 1704 advertant
356 1655 385 1704 et
399 1645 541 1704 adliciant.
581 1643 717 1720 Disputat
732 1643 871 1704 subtiliter
884 1645 1008 1720 graviter
1022 1655 1133 1715 ornate,

90 1763 120 1812 ¹5
133 1744 297 1821 frequenter
307 1745 393 1803 etiam
405 1743 585 1802 Platonicam
599 1743 677 1800 illam
691 1741 897 1800 sublimitatem
911 1752 939 1802 et
952 1742 1133 1802 latitudinem

94 1859 100 1868 ·
136 1843 254 1919 effingit.
284 1843 387 1902 Sermo
401 1853 445 1900 est
459 1843 597 1920 copiosus
612 1851 640 1900 et
653 1841 755 1912 varius
767 1841 859 1901 dulcis
874 1843 904 1899 in
918 1843 1028 1918 primis,
1040 1851 1069 1901 et
1084 1843 1133 1918 qui

133 1952 330 2018 repugnantes
350 1943 582 2047 quoquepducatq
591 1939 717 2018 inpellat.
760 1942 810 2001 Ad
824 1941 881 2001 hoc
896 1941 1054 2018 proceritas
1068 1959 1132 1999 cor·
1149 1938 1157 1981 t
1167 1951 1209 1978 ‘¹¹³'
1225 1953 1227 1960 ’

134 2042 222 2117 poris,
238 2041 344 2100 decora
360 2040 455 2111 iacies
470 2018 757 2115 deniiiiiiiapruus,
772 2039 877 2114 ingens
892 2047 921 2098 et
937 2058 1012 2098 cana
1025 2040 1132 2112 barba3

113 2141 120 2208 Ι
134 2157 209 2216 quae
223 2141 289 2199 licet
304 2139 420 2198 fortuita
433 2148 462 2198 et
475 2139 573 2198 inania
583 2147 728 2215 putentur,
738 2137 778 2195 illi
788 2146 887 2198 tamen
898 2138 1055 2216 plurimum
1065 2157 1133 2198 ven-

87 2258 121 2293 20
135 2238 272 2298 erationis
283 2239 446 2314 adquirunt
476 2235 693 2345 NUllu⁵.h‘,){l-Ps
703 2237 733 2294 in
744 2234 830 2308 cultu,
841 2236 920 2296 nulla
931 2237 1051 2310 tristitia,
1060 2238 1134 2295 mul·

134 2346 198 2396 tum
213 2337 386 2398 severitatis:
407 2337 562 2396 reverearis
577 2315 741 2407 ddcurdrim,
755 2353 816 2393 non
829 2335 1009 2394 reformides
1049 2335 1134 2394 Vitae

135 2437 273 2498 sanctitas
283 2453 409 2506 summa,
425 2435 548 2494 comitas
563 2454 631 2511 par:
653 2437 807 2494 insectatur
821 2435 896 2506 vitia,
910 2453 973 2494 non
990 2434 1134 2506 homines,
1178 2409 1184 2432 ’

134 2553 191 2595 nec
216 2535 338 2611 castigat
366 2544 502 2606 errantes,
531 2534 584 2593 sed
612 2535 756 2594 emendat.
799 2533 936 2612 Sequaris
963 2544 1134 2594 monentem

134 2643 261 2696 attentus
274 2644 304 2692 et
318 2632 450 2710 pendens
463 2642 493 2692 et
510 2633 676 2709 persuaderi
690 2634 751 2705 tibi,
765 2634 854 2692 etiam
869 2652 938 2692 cum
951 2631 1133 2709 persuaserit,

89 2751 119 2800 25
135 2733 246 2810 cupias.
288 2733 351 2820 lam
365 2748 434 2821 vero
452 2732 532 2790 liberi
551 2741 616 2802 tres,
632 2732 691 2790 duo
707 2750 810 2803 mares,
826 2750 901 2809 quos
917 2731 1135 2808 diligentissime
1162 2714 1166 2721 ²

134 2832 265 2894 instituit.
305 2806 569 2908 ihiei'iompeius
586 2830 724 2903 Iulianus,
739 2849 807 2890 cum
827 2842 921 2890 cetera
935 2831 992 2890 vita
1010 2840 1074 2889 tum
1090 2829 1135 2888 vel

134 2931 193 2990 hoc
218 2949 278 2990 uno
302 2948 427 3006 magnus
449 2939 478 2988 et
499 2929 601 2998 clarus,
623 2930 704 3007 quod
728 2931 791 3006 ipse
812 2931 978 3006 provinciae
999 2931 1136 3006 princeps

133 3031 211 3088 inter
225 3029 378 3088 altissimas
395 3028 585 3087 condiciones
606 3046 745 3104 generum
766 3046 828 3088 nou
848 3028 1009 3088 honoribus
1031 3028 1135 3104 prinei-

110 3090 215 3209 lperp,
239 3127 290 3188 sed
315 3127 573 3206 sapientia,elegit.
616 3127 803 3204 Quamquam
826 3128 896 3204 quid
919 3148 975 3205 ego
996 3129 1079 3205 plura
1099 3128 1137 3188 de

87 3198 206 3300 3olvir0,
221 3244 282 3305 quo
300 3227 369 3286 mihi
390 3205 526 3313 fs¹¹ll¹9i¹
544 3227 631 3285 licet?
652 3245 690 3285 an
704 3237 736 3286 ut
752 3229 846 3303 magis
861 3185 1056 3306 drigaisquod
1074 3209 1157 3284 non'

123 3326 223 3390 ilicet?
265 3324 343 3384 Nam
363 3297 517 3431 didliing'or
535 3324 683 3482 ⁰lk9l⁰s¹¹l
703 3326 895 3431 maxinppepic
913 3304 1278 3386 molesus'simozff›”·⁴=

135 3427 227 3488 sedeo
241 3443 296 3502 pro
310 3424 453 3495 tribunali,
472 3397 579 3483 siffridi
605 3386 738 3496 ‘libellos
752 3387 882 3484 ‘conficio
902 3426 1022 3498 tabulas
1040 3425 1136 3484 scribo

134 3525 285 3604 plurimas,
301 3522 353 3582 sed
367 3522 614 3582 inlitteratissimas
628 3523 743 3582 litteras.
786 3522 874 3582 Soleo
893 3542 955 3583 non
975 3541 1136 3600 numquam
1162 3515 1164 3524 ’

117 3623 221 3706 t(uam
245 3622 277 3682 id
301 3622 398 3698 ipsum
423 3621 541 3698 quando
566 3621 708 3698 contingit
718 3618 738 3700 l)
764 3622 800 3681 de
825 3623 870 3682 his
895 3623 1136 3698 occupationibus

90 3743 123 3793 35
136 3723 218 3804 apud
238 3721 407 3797 Euphraten
428 3719 516 3800 queri.
557 3719 611 3780 Ille
631 3739 679 3778 me
698 3720 874 3794 consolatur,
896 3721 1029 3782 adfirmat
1049 3723 1137 3782 etiam
