2636 3980
148 169 151 175 ·
172 145 330 193 LETTERS
354 145 398 192 OF
420 146 449 194 G.
465 145 609 192 PLINIUS
631 143 817 193 CAECILIUS
839 145 1029 194 SECUNDUS.
1077 147 1114 214 71

126 307 188 364 eius
209 305 316 374 videre,
338 313 366 362 et
386 303 491 362 vidisse
512 302 661 378 paenituit.
703 303 756 361 Est
777 278 965 363 enim‘adhue
980 304 1123 379 inperfec-

125 415 197 476 tum,
212 422 267 461 nec
282 402 432 460 difficultas
447 401 544 478 operis
563 401 594 460 in
613 419 701 460 causa
722 401 830 461 modici
851 421 885 461 ac
905 403 1003 478 potius
1018 403 1122 479 exigui,

126 502 179 560 sed
192 503 295 560 inertia
308 502 369 559 eius
384 501 430 559 cui
450 518 519 558 cura
537 500 675 559 mandata
689 511 742 558 est.
785 500 867 559 Subit
880 501 1041 578 indignatio
1056 519 1124 558 cum

87 622 117 654 10
127 601 319 670 miseratione,
341 609 408 675 post
430 599 575 658 decimum
597 599 697 657 mortis
719 617 829 657 annum
850 600 983 676 reliquias
1009 598 1124 675 neglec-

126 710 248 776 tumque
269 700 398 757 cinerem
419 699 481 756 sine
501 696 592 767 tituto,
612 697 675 756 sine
697 698 817 756 nomine
838 699 940 771 iacere,
962 702 1044 760 cuius
1064 717 1126 756 me·

127 801 219 858 moria
234 800 336 857 orbern
350 807 490 856 terrarum
504 795 596 872 gloria
610 808 789 873 pervagetur.
830 799 870 856 At
884 799 930 857 ille
940 800 1127 858 mandaverat

128 908 298 972 caveratque
324 907 355 955 ut
380 897 508 953 divinum
535 893 605 952 illud
633 907 662 953 et
684 897 836 955 inmortale
864 897 973 956 facturn
998 897 1126 970 versibus

128 997 339 1065 inscriberetur,

89 1111 118 1159 15
212 1095 269 1152 Hic
292 1097 361 1152 situs
383 1105 426 1154 est
447 1095 551 1168 Rufus,
573 1097 658 1172 pulso
679 1097 728 1173 qui
749 1094 874 1154 Vindice
895 1096 1046 1171 quondam

292 1194 451 1269 Imperium
473 1194 600 1254 adseruit
619 1213 680 1254 non
702 1194 755 1252 sibi
776 1193 829 1252 sed
850 1195 965 1271 patriae.

131 1293 209 1352 Tam
223 1311 287 1350 rara
300 1293 331 1350 in
345 1293 478 1351 amicitiis
493 1293 574 1364 fides,
590 1303 648 1352 tam
662 1301 763 1369 parata
777 1293 882 1351 oblivio
897 1303 1085 1362 mortuorum,
1097 1303 1129 1350 ut

129 1393 186 1468 ipsi
214 1391 300 1451 nobis
328 1392 488 1452 debeamus
516 1392 603 1453 etiam
632 1392 793 1452 conditoria
817 1402 948 1450 extruere
973 1392 1128 1466 omniaque

130 1491 271 1550 heredum
292 1489 387 1549 officia
410 1509 602 1567 praesumere.
646 1490 725 1550 Nam
748 1490 796 1549 cui
820 1508 882 1548 non
907 1501 950 1549 est
971 1491 1129 1549 verendum

91 1617 122 1650 20
131 1590 212 1667 quod
223 1589 352 1647 videmus
367 1590 508 1650 accidisse
522 1590 684 1666 Verginio?
716 1589 807 1650 Cuius
817 1590 951 1648 iniuriam
965 1602 996 1648 ut
1006 1589 1130 1666 indigni-

131 1707 212 1750 orem
227 1691 268 1748 sic
283 1689 370 1748 etiam
385 1691 529 1749 notiorem
543 1691 633 1766 ipsius
649 1690 760 1748 claritas
773 1689 849 1748 facit.
890 1689 972 1748 Vale.

461 1879 514 1932 es.
557 1841 685 1950 (boor
707 1876 734 1932 e.
753 1869 810 1950 15.)

157 1987 229 2050 Pliny
241 1986 330 2036 relates
341 1987 383 2036 the
395 1986 551 2038 unfortunate
563 1986 768 2050 interruptiones
776 1985 874 2038 Paulus'
888 1986 1017 2040 recitation
1028 1987 1062 2050 by
1073 2003 1106 2036 an

534 2069 669 2118 audacious
677 2069 732 2132 jest.

429 2189 454 2230 C·
469 2188 580 2230 PLINIUS
600 2189 722 2231 ROMANO
742 2190 795 2232 SUO
817 2155 849 2230 S.

174 2289 314 2347 Mirificae
343 2289 384 2346 rei
408 2306 470 2345 non
494 2287 664 2346 interfuisti:
696 2307 733 2346 ne
759 2307 815 2365 ego
841 2291 977 2365 quidem;
1011 2289 1062 2348 sed
1083 2308 1131 2347 me

132 2405 235 2447 recens
249 2387 346 2444 sabula
366 2387 489 2463 excepit.
532 2386 698 2446 Passennus
718 2386 833 2458 Paulus,
854 2388 1023 2464 splendidus
1043 2405 1131 2462 eques

133 2487 288 2544 Romanus
303 2494 331 2542 et
350 2485 380 2541 in
401 2485 501 2561 primis
523 2486 659 2557 eruditus,
675 2488 772 2545 scribit
794 2486 900 2563 elegos.
946 2486 1131 2545 Gentilicium

133 2585 190 2644 hoc
218 2584 276 2643 illi:
312 2593 356 2641 est
387 2584 465 2640 enim
493 2584 645 2660 municeps
674 2584 806 2661 Properti
834 2596 920 2662 atque
948 2585 1034 2642 etiam
1058 2584 1131 2641 inter

110 2684 257 2754 5mai0res
286 2699 355 2740 suos
379 2680 562 2756 Propertium
589 2695 728 2742 numerat.
780 2685 811 2742 Is
834 2703 901 2742 cum
928 2684 1067 2753 recitaret,
1092 2683 1131 2740 ita

133 2781 230 2858 coepit
254 2780 357 2851 dicere,
384 2779 509 2851 ‘Prisce
535 2781 633 2839 iubes?
685 2782 734 2839 Ad
757 2782 815 2841 hoc
840 2781 994 2840 Iavolenus
1016 2781 1131 2840 Priscus

132 2881 246 2962 (aderat
265 2882 353 2952 enim,
367 2891 399 2940 ut
418 2881 509 2940 Paulo
531 2881 734 2962 amicissimus)
756 2888 832 2959 ‘ego
853 2901 921 2941 vero
944 2901 1005 2943 non
1026 2883 1131 2940 iubeo!

133 2981 240 3058 Cogita
263 2980 313 3056 qui
337 2980 410 3038 risus
433 2979 595 3051 hominum,
618 2983 665 3058 qui
688 2982 752 3040 ioci.
794 2981 849 3040 Est
871 2982 992 3041 omnino
1015 2982 1131 3040 Priscus

133 3079 239 3138 dubiae
269 3079 406 3149 sanitatis,
432 3079 550 3137 interest
574 3089 672 3136 tamen
695 3079 804 3150 officiis,
831 3079 982 3138 adhibetur
1004 3079 1131 3138 consiliis

12 3197 13 3262 q
98 3197 125 3232 ro
133 3189 220 3256 atque
242 3177 328 3236 etiam
348 3177 393 3234 ius
415 3177 494 3235 civile
515 3177 630 3253 publice
652 3179 828 3253 respondet:
858 3196 917 3253 quo
937 3179 1030 3254 magis
1050 3176 1131 3253 quod

52 3267 57 3281 ⁸
133 3289 202 3336 tunc
217 3276 285 3335 fecit
298 3287 326 3334 et
339 3277 492 3335 ridiculum
506 3287 534 3334 et
553 3275 680 3334 notabile
695 3276 754 3335 fuit.
796 3277 916 3335 Interim
930 3276 1022 3335 Paulo
1037 3275 1130 3334 aliena

134 3377 265 3436 deliratio
280 3376 459 3462 aliquantum
473 3375 587 3451 frigoris
607 3375 706 3433 attulit.
749 3375 826 3434 Tam
841 3376 958 3435 sollicite
972 3357 1129 3433 recitaturis

133 3474 347 3549 providendum
367 3485 411 3532 est
431 3493 492 3532 non
514 3474 608 3532 solum
628 3484 660 3533 ut
681 3474 737 3534 sint
757 3475 813 3551 ipsi
835 3475 906 3546 sani,
925 3491 1023 3532 verum
1043 3474 1130 3532 etiam

135 3585 166 3633 ut
180 3590 269 3634 sanos
285 3573 449 3633 adhibeant.
488 3573 569 3632 Vale.
