2636 3980
184 163 343 213 LETTERS
366 164 411 213 OF
434 165 463 214 Ο.
479 164 629 212 PLINIUS
653 163 841 213 CAECILIUS
863 165 1055 214 SECUNDUS·
1093 165 1135 232 55

133 323 277 401 paulisper
299 343 329 384 se
351 325 424 383 intra
445 324 590 384 silentium
611 324 711 397 tenuit,
727 325 808 400 quod
826 323 865 382 illi
887 325 1044 401 plurimum
1070 343 1137 384 auc-

133 423 254 482 toritatis
269 423 395 482 addebat
404 443 412 495 ;
435 423 541 481 deinde
556 423 695 498 gravitate
709 441 798 499 quam
818 440 905 482 noras
915 426 1062 482 '‘necesse
1077 423 1137 481 est’

90 523 226 597 ·3oinquit
246 523 379 598 ‘parcius
397 521 515 580 laudern
535 519 713 592 Secundum,
728 522 796 597 quia
809 521 881 580 nihil
895 524 950 581 nisi
964 542 1001 581 ex
1016 523 1139 581 consilio

133 639 201 680 meo
229 619 314 678 facit!
357 619 425 691 Qua
449 637 521 678 voce
550 619 648 676 tribuit
676 617 747 676 mihi
775 630 917 696 quantum
946 631 1045 698 petere
1069 631 1138 679 voto

133 719 313 779 inmodicum
342 731 410 792 erat,
439 719 510 777 nihil
537 736 585 778 me
613 718 706 777 facere
735 736 796 777 non
824 722 1044 797 sapientissime,
1069 739 1138 778 cum

134 819 234 877 omnia
258 836 294 877 ex
317 819 440 877 consilio
465 817 668 894 sapientissimi
690 818 741 874 viri
764 817 899 877 facerem.
947 819 1027 891 Quin
1051 819 1139 877 etiam

134 917 262 976 moriens
283 917 356 976 filiae
379 935 448 976 suae
471 914 547 996 (ipsa
570 915 644 974 solet
665 915 852 994 praedicare),
875 918 997 976 ‘multos
1020 917 1137 994 quidem

92 1036 126 1085 ‚35
136 1018 246 1074 amicos
260 1017 311 1096 tilii
324 1025 356 1074 ut
373 1016 504 1091 longiore
518 1015 576 1073 vita
594 1013 699 1090 paravi,
714 1016 886 1092 praecipuos
908 1025 1006 1074 tamen
1028 1015 1139 1075 Secun-

136 1114 207 1173 dum
232 1125 260 1172 et
285 1113 465 1172 Comutum.'
509 1113 598 1185 Quod
627 1132 695 1172 cum
717 1115 863 1186 recordor,
889 1115 1045 1191 ‘intellego
1068 1115 1140 1173 mihi

135 1211 328 1271 laborandum
349 1231 386 1270 ne
401 1230 459 1290 qua
478 1223 561 1290 parte
575 1212 673 1270 videar
692 1212 767 1272 hanc
787 1213 823 1271 de
842 1233 891 1272 me
912 1214 1048 1274 fiduciam
1070 1231 1139 1290 pro·

136 1310 324 1371 videntissimi
338 1311 389 1368 viri
404 1312 586 1370 destituisse!
629 1311 729 1383 Quare
743 1331 800 1388 ego
812 1331 880 1371 vero
892 1313 1033 1372 Corelliae
1048 1313 1138 1371 adero

136 1411 353 1487 promptissime
368 1429 423 1469 nec
441 1411 537 1469 subire
556 1410 685 1468 offensas
704 1413 862 1471 recusabo:
885 1429 1064 1488 quamquam
1078 1429 1139 1469 non

93 1519 129 1585 '40
137 1508 233 1568 solum
253 1510 368 1568 veniam
388 1527 436 1567 me
456 1527 557 1567 verum
580 1509 667 1567 etiam
687 1510 804 1568 laudem
825 1511 904 1587 apud
926 1513 1013 1570 istum
1033 1513 1137 1587 ipsum,

139 1627 158 1667 a
172 1625 240 1684 quo,
255 1617 287 1666 ut
301 1610 353 1680 ais,
368 1626 445 1668 nova
460 1609 492 1666 lis
507 1608 629 1666 sortasse
647 1617 679 1666 ut
692 1607 817 1668 feminae
836 1610 1003 1682 intenditur,
1018 1611 1140 1668 arbitror

139 1717 371 1778 consecuturum,
394 1707 418 1765 si
443 1707 515 1766 haec
540 1706 645 1765 eadem
670 1708 699 1764 in
727 1709 850 1780 actione,
873 1709 957 1767 latius
982 1709 1090 1768 scilicet
1111 1718 1140 1766 et
1236 1714 1243 1738 ⁴

137 1807 262 1878 uberius,
278 1826 366 1883 quam
381 1805 567 1882 epistularum
587 1807 737 1890 angustiae
753 1807 858 1878 sinunt,
874 1807 917 1864 vel
932 1809 963 1866 in
977 1809 1140 1868 excusatio·
1233 1797 1258 1858 ‘¹-

138 1924 207 1965 nem
222 1907 266 1964 vel
280 1906 366 1964 etiarn
381 1902 668 1964 commendationem
682 1922 780 1966 meam
793 1905 902 1964 dixero.
944 1905 1026 1966 Vale.

400 2121 511 2234 Μ·
555 2147 684 2230 (BOOK
707 2167 734 2220 4·
760 2144 819 2225 19·l
985 2059 1189 2266 wolf}

173 2286 245 2349 Pliny
261 2285 383 2334 describes
400 2292 427 2334 to
442 2283 568 2349 Hispulla,
581 2289 642 2331 aunt
657 2281 687 2330 or
698 2281 737 2330 urs
754 2280 810 2329 wife
824 2280 964 2344 Calpurnia,
983 2280 1025 2329 the
1041 2263 1140 2328 dterest

139 2369 169 2419 os
179 2370 221 2418 the
233 2369 306 2418 latter
320 2369 345 2416 in
359 2367 394 2426 all
409 2368 448 2416 his
461 2367 577 2432 pursuits,
589 2365 628 2414 his
640 2370 788 2428 consequent
799 2363 913 2425 affection
925 2364 963 2412 sor
974 2364 1024 2422 her,
1037 2362 1086 2412 and
1098 2363 1140 2411 the

138 2453 263 2517 gratitude
283 2451 364 2500 which
386 2452 418 2500 he
439 2449 499 2499 feels
519 2456 545 2497 to
566 2447 685 2511 Hispulla
708 2463 735 2495 as
758 2446 800 2496 the
822 2461 894 2495 cause
912 2446 942 2495 os
958 2446 1021 2494 their
1043 2444 1140 2494 mutual

138 2535 279 2600 happiness.

114 2653 152 2736 f
296 2675 321 2715 C.
344 2672 455 2713 PLINIUS
476 2669 658 2712 CALPURNIAE
681 2667 840 2709 HISPULLAE
862 2667 935 2707 SUAE
954 2667 976 2706 S.

73 2741 118 2858 df
163 2828 168 2839 ·
182 2789 259 2848 Cum
274 2789 312 2848 sis
326 2788 440 2865 pietatis
459 2786 625 2862 exemplum
645 2783 818 2857 fratremque
838 2782 981 2856 optimum
996 2789 1025 2838 et
1039 2797 1139 2838 aman-

62 2864 94 2905 ’κ’
139 2891 284 2950 tissimum
308 2889 349 2947 tui
374 2887 434 2963 pari
459 2886 574 2944 caritate
598 2883 730 2942 dilexeris
754 2881 899 2955 filiamque
922 2880 983 2938 eius
1006 2888 1038 2937 ut
1059 2890 1140 2937 tuam

140 2990 243 3066 diligas
264 3006 319 3046 nec
340 2995 453 3044 tantum
473 2984 577 3042 amitae
600 2982 626 3041 ei
650 2981 796 3040 adfectum
815 2997 916 3037 verum
939 2980 1026 3036 etiam
1050 2979 1140 3055 patris

139 3089 240 3152 amissi
263 3095 471 3162 repraesentes,
495 3102 556 3141 non
584 3082 684 3140 dubito
708 3081 838 3138 maximo
867 3079 918 3137 tibi
939 3078 1139 3160 gaudio'fore,

114 3207 210 3270 5cum
230 3188 401 3262 cognoveris
415 3185 536 3260 dignam
552 3191 641 3258 patre,
657 3181 777 3256 dignam
798 3189 836 3252 te,
856 3179 976 3254 dignam
998 3195 1051 3236 avo
1073 3195 1138 3234 eva·

139 3292 217 3350 dere.
262 3284 416 3343 Summum
437 3292 481 3342 est
501 3299 633 3352 acumen,
656 3297 771 3338 summa
791 3277 955 3354 frugalitas:
986 3283 1065 3334 amat
1083 3292 1140 3345 me,

139 3388 222 3467 quod
236 3386 374 3446 castitatis
388 3383 526 3443 indicium
541 3392 591 3440 est.
633 3378 757 3438 Accedit
769 3377 815 3435 his
833 3377 961 3436 studium
975 3376 1140 3445 litterarum,

10 3521 12 3584 ι
141 3486 223 3566 quod
243 3505 279 3544 ex
298 3485 355 3542 mei
370 3484 485 3543 caritate
507 3479 659 3555 concepit:
685 3494 769 3536 meos
787 3475 899 3533 libellos
914 3474 1009 3545 habet,
1025 3473 1140 3532 lectitat.

141 3586 244 3646 adscit
267 3583 361 3644 etiam.
415 3580 482 3652 Qua
504 3581 552 3638 illa
576 3577 776 3650 sollicitudine,
803 3594 870 3635 cum
896 3574 996 3632 videor
1017 3583 1141 3642 acturus,
