2636 3980
195 159 238 244 36
463 167 486 215 a
511 168 709 216 sarnorrou
727 167 832 216 rnoru
853 167 921 216 rna

195 332 314 409 quidem
339 340 368 388 et
395 327 585 387 minutissime
607 328 746 403 scriptos;
776 346 833 403 qua
856 326 966 384 ratione
988 318 1187 394 multiplicatur

196 433 242 490 hic
272 446 417 486 numerus.
460 425 614 484 Referebat
638 427 700 502 ipse
725 428 854 502 potuisse
875 444 915 495 se,
937 441 1003 481 cum
1025 425 1188 496 procuraret

196 533 227 588 in
261 526 414 602 Hispania,
443 525 569 582 vendere
600 525 655 584 hos
683 525 908 583 commentarios
942 522 1049 596 Largio
1077 513 1188 575 Licinio

197 625 413 706 quadringentis
431 623 546 681 milibus
565 642 726 694 nummum,
741 633 769 681 et
789 635 857 682 tunc
877 623 1024 698 aliquanto
1040 616 1189 694 pauciores
1198 625 1230 690 65

196 736 286 786 erant.
329 723 438 782 Nonne
452 722 562 780 videtur
577 723 626 780 tibi
641 723 803 781 recordanti
817 730 958 798 quantum
977 717 1085 794 legerit,
1101 731 1189 789 quan·

197 834 260 882 tum
281 823 433 900 scripserit,
448 840 503 880 nec
524 823 555 879 in
576 821 677 880 officiis
698 822 761 880 ullis
783 840 838 879 nec
859 822 888 878 in
910 818 1034 892 amicitia
1055 811 1190 890 principis

197 911 293 990 fuisse,
309 939 414 992 rursus,
430 939 497 978 cum
517 921 599 980 audis
620 921 690 996 quid
710 920 811 978 studiis
829 919 937 978 laboris
951 914 1123 992 inpenderit,
1138 929 1190 968 nec

199 1020 347 1095 scripsisse
369 1020 438 1078 satis
459 1038 513 1078 nec
535 1019 658 1096 legisse?
702 1018 781 1090 Quid
802 1028 846 1076 est
866 1018 944 1086 enirn
962 1015 1041 1092 quod
1062 1030 1124 1071 non
1145 1019 1192 1067 aut
1298 1065 1299 1084 ,

198 1119 262 1177 illae
287 1119 495 1194 occupationes
519 1118 650 1194 inpedire
678 1128 727 1176 aut
751 1117 823 1175 haec
851 1115 988 1174 instantia
1012 1131 1073 1170 non
1101 1110 1191 1186 possit
1203 1125 1234 1176 70

193 1218 331 1293 efficere?
373 1217 474 1294 ltaque
496 1217 577 1276 soleo
600 1217 699 1287 ridere,
722 1234 789 1274 cum
816 1234 863 1272 me
886 1214 1004 1289 quidem
1032 1210 1193 1269 studiosum
1299 1257 1300 1260 ,

199 1327 312 1388 vocant,
342 1316 401 1393 qui,
420 1316 453 1391 si
481 1333 632 1391 comparer
659 1315 706 1385 illi,
735 1333 800 1372 sum
826 1312 1077 1372 desidiosissimus.
1128 1307 1192 1382 Ego

200 1424 297 1474 autem
313 1425 433 1484 tantum,
450 1432 536 1489 quem
551 1414 654 1489 partim
669 1413 785 1489 publica
804 1413 907 1489 partim
927 1411 1086 1470 amicorum
1101 1406 1195 1465 officia
1300 1433 1301 1440 κ

201 1514 395 1589 distringunt?
431 1512 496 1588 quis
525 1531 562 1570 ex
589 1512 649 1570 istis
678 1512 726 1588 qui
754 1523 815 1570 tota
842 1513 899 1570 vita
928 1511 1026 1570 litteris
1062 1507 1195 1568 adsident

200 1612 323 1670 collatus
345 1611 383 1668 illi
406 1628 467 1668 non
488 1612 572 1686 quasi
594 1628 699 1669 somno
715 1622 743 1672 et
762 1612 878 1670 inertiae
894 1611 1008 1670 deditus
1022 1606 1194 1667 erubescat?
1207 1611 1236 1665 75
1301 1616 1302 1626 ¹

197 1709 328 1770 Extendi
342 1709 503 1785 epistulam,
519 1726 586 1766 cum
605 1708 662 1766 hoc
677 1709 771 1768 solum
790 1710 871 1787 quod
889 1711 1053 1785 requirebas
1071 1706 1195 1764 scribere

201 1807 401 1877 destinassem,
427 1825 501 1882 quos
529 1807 618 1866 libros
645 1807 823 1884 reliquisset:
855 1808 973 1868 confido
998 1818 1097 1865 tamen
1124 1804 1197 1862 haec

201 1924 319 1984 quoque
347 1906 398 1963 tibi
426 1923 486 1963 non
515 1905 611 1964 minus
641 1914 723 1982 grata
751 1925 838 1982 quam
870 1908 951 1983 ipsos
979 1907 1067 1964 libros
1094 1904 1197 1972 sutura,

203 2024 277 2082 quae
306 2014 334 2062 te
362 2023 424 2063 non
452 2013 563 2062 tanturn
591 2005 629 2064 ad
661 2005 803 2082 legendos
832 2024 884 2065 eos
912 2023 1012 2064 verum
1045 2003 1132 2062 etiam
1160 2001 1198 2058 ad

204 2103 295 2162 simile
324 2100 430 2178 aliquid
457 2102 665 2162 elaborandum
692 2114 815 2180 possunt
846 2103 1045 2162 aemulationis
1078 2100 1199 2159 stimulis
1209 2106 1242 2153 80

204 2200 337 2260 excitare.
380 2198 460 2258 Vale.

538 2460 591 2514 26.
634 2451 762 2532 (BOOK
786 2474 811 2527 3.
835 2452 875 2533 6.)

239 2601 310 2664 Pliny
321 2600 379 2650 asks
390 2601 492 2650 Severus
506 2608 532 2649 to
544 2617 646 2665 prepare
658 2619 674 2650 a
690 2603 800 2667 pedestal
816 2602 854 2651 sor
864 2619 879 2652 a
891 2603 1005 2654 valuable
1017 2603 1066 2652 and
1082 2602 1205 2650 beautiful

207 2686 296 2740 bronze
311 2684 393 2748 figure,
407 2684 487 2734 which
502 2685 534 2734 he
548 2685 594 2734 has
608 2686 704 2750 bought
718 2694 746 2735 to
762 2695 857 2750 present
873 2693 899 2736 to
914 2687 955 2736 the
967 2686 1058 2749 temple
1070 2685 1099 2734 of
1106 2685 1205 2748 Jupiter

206 2775 232 2816 at
245 2767 360 2819 Comum.

446 2938 470 2979 C·
493 2938 603 2978 PLINIUS
624 2939 712 2979 ANNIO
733 2941 842 2982 SEVERO
864 2941 917 2983 SUO
938 2940 960 2981 S.

251 3084 297 3146 Ex
312 3085 468 3146 hereditate
483 3106 557 3163 quae
575 3087 645 3145 mihi
659 3090 778 3147 obvenit
797 3089 854 3146 emi
875 3088 1007 3163 proxime
1021 3087 1208 3147 Corinthium

210 3186 335 3261 signum,
365 3185 515 3244 modicum
550 3185 678 3260 quidem,
707 3188 760 3246 sed
793 3188 927 3247 festivum
961 3196 990 3245 et
1024 3205 1208 3263 expressum,

210 3297 353 3366 quantum
374 3304 431 3362 ego
454 3286 545 3361 sapio,
568 3287 616 3363 qui
638 3287 759 3346 fortasse
780 3289 913 3347 inomni
940 3308 980 3359 re,
1002 3290 1033 3346 in
1053 3288 1108 3346 hac
1128 3299 1210 3348 certe

211 3403 351 3462 perquam
376 3384 514 3460 exiguum
542 3387 644 3461 sapio:
674 3387 731 3446 hoc
752 3396 850 3446 tamen
872 3388 987 3464 signum
1009 3406 1066 3464 ego
1087 3404 1210 3463 quoque

212 3485 356 3560 intellego.
409 3482 463 3544 Est
495 3484 573 3543 enim
601 3486 712 3543 nudum
743 3505 797 3546 nec
831 3496 880 3545 aut
910 3488 984 3558 vitia,
1017 3487 1100 3562 siqua
1130 3497 1240 3559 sunt,5

191 3581 287 3668 ¹celat
314 3592 363 3642 aut
386 3583 486 3644 laudes
510 3601 611 3660 parum
637 3593 778 3642 ostentat:
811 3585 921 3664 effingit
942 3604 1042 3645 senem
1064 3593 1213 3665 stantem3
