2636 3980
205 209 250 269 40
481 204 503 252 A
528 205 723 254 SELEOTION
742 203 847 252 FROM
868 205 937 252 THE

205 381 368 440 augurarer.
399 359 481 421 'Non
501 364 568 422 ideo
582 372 681 422 tamen
701 362 836 420 eximiam
854 362 978 438 gloriam
992 364 1132 423 meruisse
1146 382 1199 435 me,

206 471 239 519 ut
266 462 312 520 ille
344 464 500 538 praedicat,
529 461 627 532 credo,
656 461 708 518 sed
739 470 851 518 tantum
885 461 1022 537 effugisse
1051 461 1222 536 flagitiumr
1228 489 1241 536 5

205 557 284 619 Nam
305 571 334 618 et
356 559 389 618 C.
411 560 590 629 Musonium,
613 576 748 616 socerum
770 557 839 628 eius,
862 568 1004 634 quantum
1031 560 1139 618 licitum
1160 570 1201 618 est

203 673 256 732 per
275 668 407 728 aetatem,
423 673 492 715 cum
513 657 705 714 admiratione
725 655 810 714 dilexi
830 665 860 714 et
872 656 1089 716 Artemidorum
1108 658 1201 734 ipsum

205 756 263 814 iam
285 766 437 827 tumeam
457 757 488 814 in
507 755 589 831 Syria
609 755 741 812 tribunus
762 754 922 826 militarem,
938 765 999 814 arta
1015 755 1201 814 familiaritate

205 854 376 930 complexus
404 872 480 925 sum,
510 853 598 928 idque
625 853 752 928 primum
780 870 842 910 non
869 853 973 911 nullius
1001 854 1107 913 indolis
1136 855 1201 914 dedi

205 949 363 1024 specimen,
382 949 461 1026 quod
482 947 575 1006 virum
596 957 644 1004 aut
666 947 826 1022 sapientem
844 957 892 1005 aut
913 949 1078 1023 proximum
1096 949 1200 1006 similli-
1212 973 1242 1007 ao
1305 975 1306 978 ¹

206 1065 346 1123 mumque
368 1047 492 1124 sapienti
511 1047 678 1121 intellegere
699 1063 764 1102 sum
781 1046 867 1104 visus.
908 1045 987 1104 Nam
1007 1065 1044 1104 ex
1066 1048 1201 1106 omnibus

206 1145 256 1222 qui
283 1164 363 1204 nunc
391 1163 422 1204 se
450 1143 642 1221 philosophos
670 1152 776 1200 vocant
803 1143 850 1200 vix
878 1161 971 1202 unum
1001 1153 1051 1202 aut
1081 1146 1201 1204 alterurn

205 1243 335 1302 invenies
352 1252 433 1302 tanta
447 1243 618 1313 sinceritate,
632 1251 712 1300 tanta
725 1241 851 1300 veritate.
893 1241 980 1302 Mitto
995 1261 1053 1319 qua
1066 1245 1202 1321 patientia

206 1343 336 1417 corporis
365 1341 476 1400 hiemes
500 1342 579 1398 iuxta
600 1350 628 1398 et
652 1350 774 1398 aestates
794 1339 877 1412 ferat,
896 1351 927 1400 ut
948 1341 1032 1400 nullis
1057 1343 1202 1401 laboribus

206 1440 299 1511 cedat,
314 1451 345 1498 ut
364 1440 434 1497 nihil
452 1441 483 1496 in
497 1440 572 1510 cibo,
586 1439 617 1496 in
632 1448 702 1514 potu
716 1439 910 1514 voluptatibus
927 1441 1040 1512 tribuat,
1055 1451 1087 1498 ut
1100 1441 1200 1500 oculos
1213 1470 1224 1502 2
1229 1468 1243 1518 5

206 1538 394 1614 animumque
415 1539 570 1596 contineat.
613 1535 686 1593 Sunt
710 1536 782 1594 haec
806 1555 922 1614 magna,
944 1539 996 1597 sed
1017 1540 1048 1596 in
1069 1539 1143 1612 alio;
1171 1540 1201 1598 in

205 1631 263 1690 hoc
284 1650 352 1690 vero
375 1633 503 1701 minima,
526 1633 550 1689 si
572 1631 674 1688 ceteris
694 1631 843 1687 virtutibus
866 1647 1078 1708 comparentur,
1097 1635 1201 1710 quibus

204 1732 308 1789 meruit
335 1740 367 1788 ut
394 1749 412 1789 a
440 1729 473 1789 C.
496 1729 635 1788 Musonio
667 1748 704 1787 ex
736 1730 871 1789 omnibus
903 1733 1034 1789 omnium
1066 1733 1201 1792 ordinum
1305 1721 1306 1774 l

205 1825 430 1884 adsectatoribus
458 1843 547 1901 gener
575 1824 780 1882 adsumeretur.
824 1823 909 1895 Quae
941 1825 1011 1883 mihi
1038 1827 1200 1886 recordanti

204 1935 249 1983 est
270 1925 387 2000 quidem
401 1926 559 1984 iucundum
580 1924 660 2001 quod
684 1942 731 1980 me
753 1941 820 1981 cum
845 1923 922 1999 apud
947 1925 1018 1982 alios
1040 1934 1101 1982 tum
1122 1927 1200 2002 apud
1213 1951 1245 1998 30
1305 1965 1306 1984 i

204 2033 233 2081 te
252 2024 338 2082 tantis
358 2023 491 2083 laudibus
505 2024 640 2093 cumulat,
656 2041 755 2080 vereor
771 2031 869 2079 tamen
883 2040 920 2079 ne
935 2021 1056 2080 modurn
1070 2025 1201 2096 excedat,

205 2140 293 2196 quem
312 2124 474 2198 benignitas
493 2125 553 2180 eius
571 2120 649 2200 (illuc
668 2122 747 2178 enim
768 2121 846 2178 unde
867 2121 952 2197 coepi
972 2121 1110 2202 revertor)
1127 2125 1202 2183 solet

205 2237 267 2278 non
287 2231 391 2280 tenere.
434 2220 511 2278 Nam
531 2221 560 2278 in
580 2220 637 2278 hoc
656 2238 716 2277 uno
733 2221 878 2279 interdum
891 2223 933 2278 vir
954 2223 1060 2298 alioqui
1075 2221 1203 2298 pruden-

205 2319 333 2377 tissimus
358 2319 483 2378 honesto
505 2318 623 2396 quidem
651 2319 702 2378 sed
730 2330 827 2378 tamen
850 2338 945 2379 errore
965 2331 1099 2393 versatur,
1122 2323 1203 2399 quod

204 2418 294 2495 pluris
315 2419 425 2477 amicos
446 2437 517 2476 suos
537 2436 625 2496 quam
647 2429 714 2477 sunt
734 2421 892 2479 arbitratur.
934 2420 1016 2482 Vale.
1215 2443 1246 2490 35

522 2726 577 2779 aa.
619 2718 883 2800 (soou3.12.)
954 2693 1007 2781 i

237 2863 309 2927 Pliny
323 2872 420 2928 accepts
433 2863 545 2915 Catilius
556 2865 686 2915 invitation
704 2883 736 2916 on
752 2867 877 2917 condition
895 2869 949 2918 that
965 2870 1008 2919 the
1022 2867 1074 2919 fare
1089 2871 1153 2919 shall
1171 2872 1205 2920 be

204 2947 300 3010 simple,
312 2946 360 2996 and
378 2947 419 2997 the
436 2956 508 3012 party
519 2948 583 2997 shall
600 2949 676 2998 break
693 2963 727 3014 up
744 2951 769 2998 in
786 2951 845 3000 time
863 2959 888 3000 to
906 2953 980 3001 avoid
997 2967 1012 3002 a
1028 2954 1158 3017 repetition
1177 2955 1210 3002 of

205 3029 488 3081 Cato’s'misadventure.

428 3188 454 3228 C.
474 3187 587 3228 PLINIUS
608 3185 725 3230 CATILIO
747 3187 856 3230 SEVERO
878 3189 931 3232 SUO
953 3187 975 3230 S.

245 3317 371 3376 Veniam
392 3320 430 3377 ad
447 3338 570 3378 cenam:
594 3321 646 3378 sed
666 3321 725 3378 iam
746 3339 825 3378 nunc
847 3322 978 3395 paciscor
999 3322 1035 3380 sit
1055 3324 1206 3399 expedita,

205 3418 240 3475 sit
254 3435 350 3492 parea,
366 3415 519 3475 Socraticis
538 3427 649 3476 tanturn
669 3420 850 3478 sermonibus
871 3420 1008 3490 abundet,
1023 3420 1053 3477 in
1067 3421 1112 3479 bis
1127 3440 1207 3498 quo·
1305 3436 1306 3450 ¹

205 3532 261 3591 que
281 3525 378 3573 teneat
397 3515 526 3573 modum.
568 3515 660 3575 Erant
680 3517 775 3574 officia
794 3517 974 3590 antelucana,
987 3520 1018 3576 in
1037 3537 1112 3595 quae
1129 3522 1207 3580 inci·
1305 3529 1306 3588 ξ

204 3613 273 3670 dere
307 3613 417 3688 inpune
450 3632 488 3672 ne
517 3613 622 3672 Catoni
657 3614 775 3690 quidem
808 3616 894 3689 licuit,
923 3635 1011 3694 quem
1041 3626 1141 3677 tamen
1166 3618 1207 3679 C.
