2626 3976
166 168 325 216 enarras
349 169 393 217 or
415 170 444 218 c.
460 168 608 216 Parmos
631 167 815 218 creemus
836 168 1028 218 sncurvnus.
1074 153 1114 234 87

116 329 198 386 cuius
225 329 317 404 gratia
344 327 473 404 periculo
501 328 597 399 crevit,
624 335 676 385 tuo
711 327 839 402 ingenie,
868 338 920 386 tuo
948 328 1115 386 testimonio

72 445 103 479 10
116 428 270 486 ornaveris.
331 426 460 485 Dederat
494 444 543 483 me
578 435 694 484 senatus
734 444 801 483 cum
836 425 989 484 Herennio
1025 425 1115 484 Sene-

116 527 203 584 cione
240 525 412 584 advocatum
454 525 619 600 provinciae
662 523 797 582 Baeticae
839 535 940 583 contra
974 523 1116 582 Baebium

116 621 249 682 Massam
264 624 460 698 damnatoque
479 621 577 680 Massa
596 632 749 680 censuerat
768 632 800 680 ut
819 623 899 681 bona
919 623 980 681 eius
1001 622 1116 699 publice

116 723 335 780 custodirentur.
387 721 519 791 Seneci0,
548 738 615 779 cum
643 720 824 796 explorasset
851 722 987 780 consules
1014 730 1115 797 postu·

115 822 271 880 lationibus
287 831 448 892 vacaturos,
463 821 597 877 convenit
615 837 668 877 me·
686 830 715 878 et
736 823 812 895 ‘qua
832 820 1001 879 concordia'
1023 820 1116 896 inquit

70 933 99 983 15
116 921 293 978 ‘iniunctam
307 920 393 978 nobis
407 920 623 976 accusationem
638 918 766 977 exsecuti
781 937 890 991 sumus,
905 918 960 978 hac
974 919 1114 977 adeamus

115 1019 252 1078 consules
273 1029 464 1094 petamusque
479 1035 516 1076 ne
535 1018 614 1076 bona
635 1017 767 1092 dissipari
788 1017 883 1076 sinant
904 1037 1029 1094 quorum
1048 1036 1113 1078 esse

114 1119 146 1175 in
174 1118 308 1176 custodia
335 1117 461 1176 debent'
517 1116 671 1193 Respondi
701 1120 786 1175 ‘cum
819 1117 909 1175 simus
937 1117 1069 1175 advocati
1097 1137 1115 1176 a

115 1226 220 1276 senatu
248 1216 315 1289 dati,
344 1216 453 1292 dispice
485 1233 556 1273 num
583 1223 714 1290 peractas
749 1224 834 1291 putes
869 1225 965 1290 partes
1000 1225 1115 1276 nostras

116 1324 235 1374 senatus
262 1315 431 1391 cognitione
460 1313 557 1372 finita!
609 1313 648 1373 Et
674 1313 721 1371 ille
750 1318 799 1372 ‘tu
834 1331 921 1390 quem
948 1314 1028 1374 voles
1063 1315 1114 1373 tibi

69 1437 100 1470 20
114 1414 270 1473 terminum
292 1423 409 1484 statues,
431 1413 476 1470 cui
498 1412 576 1472 nulla
596 1430 664 1471 curn
685 1413 833 1488 provincia
852 1413 1037 1472 necessitudo
1059 1413 1114 1472 nisi

114 1530 152 1570 ex
166 1512 309 1573 beneficio
324 1523 383 1584 tu0,
398 1521 428 1570 et
440 1511 498 1571 hoc
510 1512 619 1570 recenti
627 1531 635 1583 ;
657 1512 719 1587 ipse
734 1521 763 1570 et
776 1521 862 1571 natus
880 1512 920 1570 ibi
934 1523 963 1572 et
977 1524 1114 1588 quaestor

114 1613 145 1669 in
166 1629 202 1671 ea
222 1611 280 1670 fui'
323 1611 403 1672 Tum
424 1629 481 1687 ego
503 1612 545 1669 ‘si
570 1611 660 1668 fixum
682 1611 734 1670 tibi
757 1611 834 1670 istud
858 1629 893 1669 ac
916 1611 1114 1684 deliberatum,

114 1728 221 1786 sequar
240 1720 278 1782 te,
299 1721 340 1784 ut,
360 1713 444 1788 siqua
463 1729 500 1768 ex
521 1712 579 1771 hoc
599 1711 713 1781 invidia,
728 1729 790 1770 non
810 1719 923 1770 tantum
944 1711 1012 1771 tua.'
1054 1712 1115 1772 Ve-

114 1809 211 1870 nimus
236 1810 274 1868 ad
298 1811 441 1880 consules,
467 1810 535 1868 dicit
558 1809 681 1869 Senecio
706 1827 781 1886 quae
805 1827 852 1867 res
877 1809 995 1880 ferebat,
1017 1811 1114 1886 aliqua

68 1929 100 1978 25
115 1908 269 1984 subiungo.
311 1908 442 1968 Vixdum
463 1909 703 1978 conticueramus,
719 1918 747 1966 et
769 1907 869 1968 Massa
886 1918 1005 1984 questus
1023 1909 1114 1969 Sene·

115 2009 231 2065 cionem
265 2025 326 2067 non
360 2009 493 2068 advocati
531 2008 628 2078 fidem,
664 2008 715 2066 sed
749 2008 856 2065 inimici
893 2008 1113 2068 amaritudinem

114 2104 250 2181 inplesse,
272 2106 427 2182 impietatis
451 2124 533 2165 reum
560 2105 696 2182 postulat.
738 2105 1023 2166 Horroromnium:
1055 2125 1112 2184 ego

114 2213 214 2263 autem
229 2205 357 2262 ‘vereor'
377 2205 506 2281 inquam,
523 2205 689 2264 ‘clarissimi
708 2205 851 2275 consules,
866 2223 904 2263 ne
925 2205 995 2262 mihi
1014 2205 1115 2266 Massa

116 2304 229 2364 silentio
245 2322 299 2362 suo
311 2302 587 2380 praevaricationem
601 2305 746 2375 obiecerit,
758 2304 839 2380 quod
853 2322 914 2363 non
928 2313 957 2362 et
971 2322 1019 2366 me
1032 2323 1115 2363 reum

69 2426 103 2473 30
117 2403 287 2479 postulavit.’
338 2401 423 2473 Quae
445 2420 503 2464 vox
525 2412 554 2462 et
575 2404 671 2463 statim
696 2411 819 2479 excepta
842 2413 871 2462 et
895 2413 998 2479 postea
1021 2403 1114 2462 multo

117 2519 251 2560 sermone
266 2501 411 2560 celebrata
424 2511 476 2560 est.
517 2501 610 2560 Divus
631 2501 749 2577 quidem
770 2500 868 2560 Nerva
886 2500 968 2581 (nam
988 2502 1115 2576 privatus

117 2619 235 2676 quoque
249 2601 418 2660 attendebat
435 2600 480 2658 his
500 2619 575 2676 quae
595 2610 673 2660 recte
694 2601 726 2657 in
746 2600 864 2675 publico
884 2595 999 2675 fierent)
1019 2599 1115 2658 missis

117 2701 155 2759 ad
183 2717 230 2757 me
258 2699 433 2775 gravissimis
460 2699 558 2757 litteris
586 2716 647 2758 non
674 2698 746 2756 mihi
777 2698 873 2758 solum
900 2715 1000 2756 verum
1027 2699 1116 2756 etiam

117 2799 235 2859 saeculo
263 2809 307 2858 est
334 2797 501 2874 gratulatus
530 2799 577 2858 cui
605 2799 773 2874 exemplum
801 2798 855 2877 (sic
883 2799 962 2856 enim
989 2797 1115 2876 scripsit)

69 2898 210 2967 assimile
238 2897 363 2974 antiquis
399 2897 577 2972 contigisset.
629 2897 722 2968 Haec,
750 2906 910 2972 utcumque
937 2915 969 2956 se
996 2897 1114 2968 habent,

115 2999 230 3056 notiora
250 2996 371 3054 clariora
384 2996 502 3054 maiora
522 3003 554 3055 tu
573 2995 680 3056 facies:
710 3014 888 3073 quamquam
907 3015 968 3054 non
987 2997 1071 3070 exigo
1085 3007 1116 3052 ut

116 3096 242 3156 excedas
261 3105 343 3154 actae
363 3095 405 3153 rei
422 3094 553 3153 modum.
596 3093 675 3152 Nam
693 3113 749 3152 nec
769 3095 889 3154 historia
911 3095 997 3155 debet
1017 3094 1116 3170 egredi

115 3197 273 3266 veritatem,
288 3205 317 3254 et
330 3193 453 3254 honeste
466 3193 550 3252 factis
564 3193 669 3253 veritas
684 3193 796 3253 sufficit.
838 3192 920 3253 Vale.
