<?xml version="1.0" encoding="UTF-8"?>
<!DOCTYPE html PUBLIC "-//W3C//DTD XHTML 1.0 Transitional//EN"
    "http://www.w3.org/TR/xhtml1/DTD/xhtml1-transitional.dtd">
<html xmlns="http://www.w3.org/1999/xhtml" xml:lang="en" lang="en">
 <head>
  <title>
</title>
<meta http-equiv="Content-Type" content="text/html;charset=utf-8" />
  <meta name='ocr-system' content='tesseract 3.04.00' />
  <meta name='ocr-capabilities' content='ocr_page ocr_carea ocr_par ocr_line ocrx_word'/>
</head>
<body>
  <div class='ocr_page' id='page_1' title='image "./selectedletters02plingoog_0124.png"; bbox 0 0 2626 3976; ppageno 0'>
   <div class='ocr_carea' id='block_1_1' title="bbox 167 209 1137 280">
    <p class='ocr_par' dir='ltr' id='par_1_1' title="bbox 167 209 1137 280">
     <span class='ocr_line' id='line_1_1' title="bbox 167 209 1137 280; baseline 0.004 -23"><span class='ocrx_word' id='word_1_1' title='bbox 167 209 326 261; x_wconf 82' lang='lat' dir='ltr'><em>LETTERS</em></span> <span class='ocrx_word' id='word_1_2' title='bbox 350 212 394 261; x_wconf 79' lang='lat' dir='ltr'>OF</span> <span class='ocrx_word' id='word_1_3' title='bbox 416 212 445 263; x_wconf 84' lang='lat' dir='ltr'>U.</span> <span class='ocrx_word' id='word_1_4' title='bbox 462 213 609 263; x_wconf 84' lang='lat' dir='ltr'><em>PLINIUS</em></span> <span class='ocrx_word' id='word_1_5' title='bbox 631 213 817 264; x_wconf 75' lang='lat' dir='ltr'><em>CAECILIUS</em></span> <span class='ocrx_word' id='word_1_6' title='bbox 838 211 1029 263; x_wconf 74' lang='lat' dir='ltr'><em>SECUNDUS.</em></span> <span class='ocrx_word' id='word_1_7' title='bbox 1076 212 1137 280; x_wconf 86' lang='lat'>107</span> 
     </span>
    </p>
   </div>
   <div class='ocr_carea' id='block_1_2' title="bbox 88 368 1134 650">
    <p class='ocr_par' dir='ltr' id='par_1_2' title="bbox 88 368 1134 650">
     <span class='ocr_line' id='line_1_2' title="bbox 134 368 1133 450; baseline 0.004 -25"><span class='ocrx_word' id='word_1_8' title='bbox 134 368 223 428; x_wconf 92' lang='lat' dir='ltr'>missa</span> <span class='ocrx_word' id='word_1_9' title='bbox 236 380 281 429; x_wconf 92' lang='lat' dir='ltr'>est</span> <span class='ocrx_word' id='word_1_10' title='bbox 295 369 436 449; x_wconf 84' lang='lat' dir='ltr'>Bithynia</span> <span class='ocrx_word' id='word_1_11' title='bbox 478 372 516 432; x_wconf 87' lang='lat' dir='ltr'>Et</span> <span class='ocrx_word' id='word_1_12' title='bbox 527 373 594 433; x_wconf 91' lang='lat' dir='ltr'>ideo</span> <span class='ocrx_word' id='word_1_13' title='bbox 606 392 661 433; x_wconf 91' lang='lat' dir='ltr'>nec</span> <span class='ocrx_word' id='word_1_14' title='bbox 672 374 866 434; x_wconf 84' lang='lat' dir='ltr'>adsertionem</span> <span class='ocrx_word' id='word_1_15' title='bbox 880 373 1085 450; x_wconf 85' lang='lat' dir='ltr'>denegandam</span> <span class='ocrx_word' id='word_1_16' title='bbox 1099 372 1133 430; x_wconf 93' lang='lat' dir='ltr'>iis</span> 
     </span>
     <span class='ocr_line' id='line_1_3' title="bbox 133 468 1134 549; baseline 0.004 -25"><span class='ocrx_word' id='word_1_17' title='bbox 133 468 184 542; x_wconf 92' lang='lat' dir='ltr'>qui</span> <span class='ocrx_word' id='word_1_18' title='bbox 208 487 244 528; x_wconf 88' lang='lat' dir='ltr'>ex</span> <span class='ocrx_word' id='word_1_19' title='bbox 269 471 331 529; x_wconf 90' lang='lat' dir='ltr'>eius</span> <span class='ocrx_word' id='word_1_20' title='bbox 355 471 436 531; x_wconf 91' lang='lat' dir='ltr'>modi</span> <span class='ocrx_word' id='word_1_21' title='bbox 460 489 547 532; x_wconf 86' lang='lat' dir='ltr'>causa</span> <span class='ocrx_word' id='word_1_22' title='bbox 571 474 602 530; x_wconf 92' lang='lat' dir='ltr'>in</span> <span class='ocrx_word' id='word_1_23' title='bbox 629 474 789 533; x_wconf 88' lang='lat' dir='ltr'>libertatem</span> <span class='ocrx_word' id='word_1_24' title='bbox 816 474 1035 533; x_wconf 90' lang='lat' dir='ltr'>vindicabuntur</span> <span class='ocrx_word' id='word_1_25' title='bbox 1062 481 1134 549; x_wconf 93' lang='lat' dir='ltr'>puto</span> 
     </span>
     <span class='ocr_line' id='line_1_4' title="bbox 88 568 1058 650; baseline 0.008 -30"><span class='ocrx_word' id='word_1_26' title='bbox 88 585 120 620; x_wconf 91' lang='lat'>10</span> <span class='ocrx_word' id='word_1_27' title='bbox 133 584 228 643; x_wconf 91' lang='lat' dir='ltr'>neque</span> <span class='ocrx_word' id='word_1_28' title='bbox 243 568 337 644; x_wconf 88' lang='lat' dir='ltr'>ipsam</span> <span class='ocrx_word' id='word_1_29' title='bbox 351 570 511 630; x_wconf 90' lang='lat' dir='ltr'>libertatem</span> <span class='ocrx_word' id='word_1_30' title='bbox 525 573 726 632; x_wconf 88' lang='lat' dir='ltr'>redimendam</span> <span class='ocrx_word' id='word_1_31' title='bbox 740 573 831 650; x_wconf 89' lang='lat' dir='ltr'>pretio</span> <span class='ocrx_word' id='word_1_32' title='bbox 846 574 1058 632; x_wconf 89' lang='lat' dir='ltr'>alimentorum.</span> 
     </span>
    </p>
   </div>
   <div class='ocr_carea' id='block_1_3' title="bbox 482 792 787 874">
    <p class='ocr_par' dir='ltr' id='par_1_3' title="bbox 482 792 787 874">
     <span class='ocr_line' id='line_1_5' title="bbox 482 792 787 874; baseline -0.003 -22"><span class='ocrx_word' id='word_1_33' title='bbox 482 799 536 854; x_wconf 82' lang='grc'>89.</span> <span class='ocrx_word' id='word_1_34' title='bbox 579 792 703 874; x_wconf 88' lang='lat' dir='ltr'>(TRAI.</span> <span class='ocrx_word' id='word_1_35' title='bbox 727 793 787 872; x_wconf 77' lang='lat'><strong>74.)</strong></span> 
     </span>
    </p>
   </div>
   <div class='ocr_carea' id='block_1_4' title="bbox 161 928 1104 1080">
    <p class='ocr_par' dir='ltr' id='par_1_4' title="bbox 161 928 1104 1080">
     <span class='ocr_line' id='line_1_6' title="bbox 161 928 1104 999; baseline 0.003 -21"><span class='ocrx_word' id='word_1_36' title='bbox 161 928 232 994; x_wconf 85' lang='lat' dir='ltr'>Pliny</span> <span class='ocrx_word' id='word_1_37' title='bbox 244 932 315 980; x_wconf 84' lang='lat' dir='ltr'>sends</span> <span class='ocrx_word' id='word_1_38' title='bbox 326 938 353 982; x_wconf 93' lang='lat' dir='ltr'>to</span> <span class='ocrx_word' id='word_1_39' title='bbox 365 931 456 995; x_wconf 81' lang='lat' dir='ltr'>Trajan</span> <span class='ocrx_word' id='word_1_40' title='bbox 467 949 514 983; x_wconf 92' lang='lat' dir='ltr'>one</span> <span class='ocrx_word' id='word_1_41' title='bbox 526 933 693 984; x_wconf 87' lang='lat' dir='ltr'>Callidromus</span> <span class='ocrx_word' id='word_1_42' title='bbox 703 933 761 984; x_wconf 91' lang='lat' dir='ltr'>who</span> <span class='ocrx_word' id='word_1_43' title='bbox 772 934 822 983; x_wconf 93' lang='lat' dir='ltr'>had</span> <span class='ocrx_word' id='word_1_44' title='bbox 833 934 938 999; x_wconf 86' lang='lat' dir='ltr'>escaped</span> <span class='ocrx_word' id='word_1_45' title='bbox 948 939 976 984; x_wconf 91' lang='lat' dir='ltr'>to</span> <span class='ocrx_word' id='word_1_46' title='bbox 988 932 1104 996; x_wconf 85' lang='lat' dir='ltr'>Bithynia</span> 
     </span>
     <span class='ocr_line' id='line_1_7' title="bbox 329 1014 929 1080; baseline 0.005 -17"><span class='ocrx_word' id='word_1_47' title='bbox 329 1015 393 1064; x_wconf 86' lang='lat' dir='ltr'>aster</span> <span class='ocrx_word' id='word_1_48' title='bbox 404 1031 420 1063; x_wconf 90' lang='lat' dir='ltr'>a</span> <span class='ocrx_word' id='word_1_49' title='bbox 431 1014 492 1080; x_wconf 87' lang='lat' dir='ltr'>long</span> <span class='ocrx_word' id='word_1_50' title='bbox 503 1015 599 1080; x_wconf 86' lang='lat' dir='ltr'>slavery</span> <span class='ocrx_word' id='word_1_51' title='bbox 610 1017 636 1065; x_wconf 89' lang='lat' dir='ltr'>in</span> <span class='ocrx_word' id='word_1_52' title='bbox 647 1017 690 1066; x_wconf 91' lang='lat' dir='ltr'>the</span> <span class='ocrx_word' id='word_1_53' title='bbox 701 1024 772 1066; x_wconf 88' lang='lat' dir='ltr'>court</span> <span class='ocrx_word' id='word_1_54' title='bbox 782 1016 812 1066; x_wconf 85' lang='lat' dir='ltr'>of</span> <span class='ocrx_word' id='word_1_55' title='bbox 821 1017 929 1066; x_wconf 87' lang='lat' dir='ltr'>Parthia.</span> 
     </span>
    </p>
   </div>
   <div class='ocr_carea' id='block_1_5' title="bbox 371 1161 895 1203">
    <p class='ocr_par' dir='ltr' id='par_1_5' title="bbox 371 1161 895 1203">
     <span class='ocr_line' id='line_1_8' title="bbox 371 1161 895 1203; baseline 0 -2"><span class='ocrx_word' id='word_1_56' title='bbox 371 1161 397 1201; x_wconf 86' lang='lat' dir='ltr'>C.</span> <span class='ocrx_word' id='word_1_57' title='bbox 419 1161 532 1202; x_wconf 80' lang='lat' dir='ltr'>PLINIUS</span> <span class='ocrx_word' id='word_1_58' title='bbox 553 1161 683 1203; x_wconf 75' lang='lat' dir='ltr'>TRAIANO</span> <span class='ocrx_word' id='word_1_59' title='bbox 706 1161 895 1203; x_wconf 80' lang='lat' dir='ltr'>IMPERATORI.</span> 
     </span>
    </p>
   </div>
   <div class='ocr_carea' id='block_1_6' title="bbox 89 1280 1134 2740">
    <p class='ocr_par' dir='ltr' id='par_1_6' title="bbox 89 1280 1134 2740">
     <span class='ocr_line' id='line_1_9' title="bbox 173 1280 1131 1359; baseline 0.001 -21"><span class='ocrx_word' id='word_1_60' title='bbox 173 1280 487 1358; x_wconf 73' lang='lat' dir='ltr'>Appuleiusdomine,</span> <span class='ocrx_word' id='word_1_61' title='bbox 503 1283 594 1354; x_wconf 91' lang='lat' dir='ltr'>miles,</span> <span class='ocrx_word' id='word_1_62' title='bbox 610 1284 660 1359; x_wconf 91' lang='lat' dir='ltr'>qui</span> <span class='ocrx_word' id='word_1_63' title='bbox 674 1292 716 1341; x_wconf 92' lang='lat' dir='ltr'>est</span> <span class='ocrx_word' id='word_1_64' title='bbox 730 1283 760 1340; x_wconf 92' lang='lat' dir='ltr'>in</span> <span class='ocrx_word' id='word_1_65' title='bbox 775 1283 898 1342; x_wconf 87' lang='lat' dir='ltr'>statione</span> <span class='ocrx_word' id='word_1_66' title='bbox 912 1281 1131 1352; x_wconf 88' lang='lat' dir='ltr'>Nicomedensi,</span> 
     </span>
     <span class='ocr_line' id='line_1_10' title="bbox 133 1379 1134 1458; baseline -0.002 -20"><span class='ocrx_word' id='word_1_67' title='bbox 133 1380 248 1455; x_wconf 90' lang='lat' dir='ltr'>scripsit</span> <span class='ocrx_word' id='word_1_68' title='bbox 261 1380 332 1438; x_wconf 92' lang='lat' dir='ltr'>mihi</span> <span class='ocrx_word' id='word_1_69' title='bbox 347 1380 494 1458; x_wconf 92' lang='lat' dir='ltr'>quendam</span> <span class='ocrx_word' id='word_1_70' title='bbox 512 1381 632 1440; x_wconf 91' lang='lat' dir='ltr'>nomine</span> <span class='ocrx_word' id='word_1_71' title='bbox 646 1379 863 1455; x_wconf 86' lang='lat' dir='ltr'>Callidromum,</span> <span class='ocrx_word' id='word_1_72' title='bbox 878 1400 945 1441; x_wconf 92' lang='lat' dir='ltr'>cum</span> <span class='ocrx_word' id='word_1_73' title='bbox 960 1382 1134 1440; x_wconf 87' lang='lat' dir='ltr'>detineretur</span> 
     </span>
     <span class='ocr_line' id='line_1_11' title="bbox 132 1477 1133 1558; baseline 0.001 -23"><span class='ocrx_word' id='word_1_74' title='bbox 132 1497 150 1536; x_wconf 91' lang='lat' dir='ltr'>a</span> <span class='ocrx_word' id='word_1_75' title='bbox 171 1477 304 1536; x_wconf 88' lang='lat' dir='ltr'>Maximo</span> <span class='ocrx_word' id='word_1_76' title='bbox 323 1489 352 1537; x_wconf 89' lang='lat' dir='ltr'>et</span> <span class='ocrx_word' id='word_1_77' title='bbox 370 1479 514 1556; x_wconf 90' lang='lat' dir='ltr'>Dionysio</span> <span class='ocrx_word' id='word_1_78' title='bbox 533 1479 697 1555; x_wconf 87' lang='lat' dir='ltr'>piston&#39;bus,</span> <span class='ocrx_word' id='word_1_79' title='bbox 713 1481 818 1556; x_wconf 92' lang='lat' dir='ltr'>quibus</span> <span class='ocrx_word' id='word_1_80' title='bbox 839 1498 944 1558; x_wconf 87' lang='lat' dir='ltr'>operas</span> <span class='ocrx_word' id='word_1_81' title='bbox 966 1498 1033 1539; x_wconf 92' lang='lat' dir='ltr'>suas</span> <span class='ocrx_word' id='word_1_82' title='bbox 1054 1479 1133 1537; x_wconf 92' lang='lat' dir='ltr'>loca-</span> 
     </span>
     <span class='ocr_line' id='line_1_12' title="bbox 131 1578 1133 1657; baseline 0.003 -23"><span class='ocrx_word' id='word_1_83' title='bbox 131 1587 218 1649; x_wconf 85' lang='lat' dir='ltr'>verat,</span> <span class='ocrx_word' id='word_1_84' title='bbox 234 1578 399 1654; x_wconf 87' lang='lat' dir='ltr'>confugisse</span> <span class='ocrx_word' id='word_1_85' title='bbox 413 1578 451 1638; x_wconf 89' lang='lat' dir='ltr'>ad</span> <span class='ocrx_word' id='word_1_86' title='bbox 471 1589 551 1638; x_wconf 92' lang='lat' dir='ltr'>tuam</span> <span class='ocrx_word' id='word_1_87' title='bbox 573 1589 697 1638; x_wconf 90' lang='lat' dir='ltr'>statuam</span> <span class='ocrx_word' id='word_1_88' title='bbox 718 1581 948 1657; x_wconf 89' lang='lat' dir='ltr'>perductumque</span> <span class='ocrx_word' id='word_1_89' title='bbox 969 1580 1006 1638; x_wconf 96' lang='lat' dir='ltr'>ad</span> <span class='ocrx_word' id='word_1_90' title='bbox 1025 1580 1133 1656; x_wconf 88' lang='lat' dir='ltr'>magis-</span> 
     </span>
     <span class='ocr_line' id='line_1_13' title="bbox 104 1676 1134 1755; baseline 0 -19"><span class='ocrx_word' id='word_1_91' title='bbox 104 1687 118 1736; x_wconf 88' lang='grc'>5</span> <span class='ocrx_word' id='word_1_92' title='bbox 132 1685 222 1734; x_wconf 90' lang='lat' dir='ltr'>tratus</span> <span class='ocrx_word' id='word_1_93' title='bbox 236 1676 380 1735; x_wconf 90' lang='lat' dir='ltr'>indicasse</span> <span class='ocrx_word' id='word_1_94' title='bbox 394 1677 515 1736; x_wconf 85' lang='lat' dir='ltr'>servisse</span> <span class='ocrx_word' id='word_1_95' title='bbox 534 1677 691 1755; x_wconf 94' lang='lat' dir='ltr'>aliquando</span> <span class='ocrx_word' id='word_1_96' title='bbox 710 1678 835 1740; x_wconf 89' lang='lat' dir='ltr'>Laberio</span> <span class='ocrx_word' id='word_1_97' title='bbox 855 1678 987 1738; x_wconf 89' lang='lat' dir='ltr'>Maximo</span> <span class='ocrx_word' id='word_1_98' title='bbox 1001 1688 1134 1755; x_wconf 90' lang='lat' dir='ltr'>captum-</span> 
     </span>
     <span class='ocr_line' id='line_1_14' title="bbox 132 1774 1133 1851; baseline 0.002 -20"><span class='ocrx_word' id='word_1_99' title='bbox 132 1793 190 1850; x_wconf 91' lang='lat' dir='ltr'>que</span> <span class='ocrx_word' id='word_1_100' title='bbox 218 1794 236 1833; x_wconf 92' lang='lat' dir='ltr'>a</span> <span class='ocrx_word' id='word_1_101' title='bbox 265 1774 379 1851; x_wconf 83' lang='lat' dir='ltr'>Susago</span> <span class='ocrx_word' id='word_1_102' title='bbox 403 1777 434 1833; x_wconf 89' lang='lat' dir='ltr'>in</span> <span class='ocrx_word' id='word_1_103' title='bbox 456 1775 572 1835; x_wconf 90' lang='lat' dir='ltr'>Moesia</span> <span class='ocrx_word' id='word_1_104' title='bbox 599 1787 628 1835; x_wconf 93' lang='lat' dir='ltr'>et</span> <span class='ocrx_word' id='word_1_105' title='bbox 656 1796 673 1835; x_wconf 90' lang='lat' dir='ltr'>a</span> <span class='ocrx_word' id='word_1_106' title='bbox 700 1777 842 1837; x_wconf 89' lang='lat' dir='ltr'>Decibalo</span> <span class='ocrx_word' id='word_1_107' title='bbox 870 1778 983 1836; x_wconf 89' lang='lat' dir='ltr'>muneri</span> <span class='ocrx_word' id='word_1_108' title='bbox 1010 1778 1133 1834; x_wconf 91' lang='lat' dir='ltr'>missum</span> 
     </span>
     <span class='ocr_line' id='line_1_15' title="bbox 132 1875 1133 1953; baseline 0.001 -21"><span class='ocrx_word' id='word_1_109' title='bbox 132 1875 254 1948; x_wconf 89' lang='lat' dir='ltr'>Pacoro,</span> <span class='ocrx_word' id='word_1_110' title='bbox 274 1875 406 1934; x_wconf 88' lang='lat' dir='ltr'>Parthiae</span> <span class='ocrx_word' id='word_1_111' title='bbox 428 1876 497 1951; x_wconf 91' lang='lat' dir='ltr'>regi,</span> <span class='ocrx_word' id='word_1_112' title='bbox 519 1876 706 1953; x_wconf 85' lang='lat' dir='ltr'>pluribusque</span> <span class='ocrx_word' id='word_1_113' title='bbox 728 1876 812 1934; x_wconf 90' lang='lat' dir='ltr'>annis</span> <span class='ocrx_word' id='word_1_114' title='bbox 836 1877 865 1933; x_wconf 91' lang='lat' dir='ltr'>in</span> <span class='ocrx_word' id='word_1_115' title='bbox 891 1875 1048 1934; x_wconf 90' lang='lat' dir='ltr'>ministerio</span> <span class='ocrx_word' id='word_1_116' title='bbox 1071 1875 1133 1933; x_wconf 93' lang='lat' dir='ltr'>eius</span> 
     </span>
     <span class='ocr_line' id='line_1_16' title="bbox 131 1972 1132 2050; baseline 0.002 -20"><span class='ocrx_word' id='word_1_117' title='bbox 131 1973 229 2045; x_wconf 89' lang='lat' dir='ltr'>fuisse,</span> <span class='ocrx_word' id='word_1_118' title='bbox 251 1973 357 2033; x_wconf 93' lang='lat' dir='ltr'>deinde</span> <span class='ocrx_word' id='word_1_119' title='bbox 377 1973 485 2050; x_wconf 86' lang='lat' dir='ltr'>fugisse</span> <span class='ocrx_word' id='word_1_120' title='bbox 507 1983 594 2050; x_wconf 89' lang='lat' dir='ltr'>atque</span> <span class='ocrx_word' id='word_1_121' title='bbox 614 1974 654 2032; x_wconf 90' lang='lat' dir='ltr'>ita</span> <span class='ocrx_word' id='word_1_122' title='bbox 674 1975 705 2031; x_wconf 92' lang='lat' dir='ltr'>in</span> <span class='ocrx_word' id='word_1_123' title='bbox 729 1972 934 2033; x_wconf 90' lang='lat' dir='ltr'>Nicomediam</span> <span class='ocrx_word' id='word_1_124' title='bbox 958 1974 1132 2050; x_wconf 89' lang='lat' dir='ltr'>pervenisse.</span> 
     </span>
     <span class='ocr_line' id='line_1_17' title="bbox 132 2072 1133 2149; baseline -0.001 -19"><span class='ocrx_word' id='word_1_125' title='bbox 132 2072 231 2144; x_wconf 91' lang='lat' dir='ltr'>Quem</span> <span class='ocrx_word' id='word_1_126' title='bbox 245 2091 302 2149; x_wconf 89' lang='lat' dir='ltr'>ego</span> <span class='ocrx_word' id='word_1_127' title='bbox 317 2073 489 2149; x_wconf 91' lang='lat' dir='ltr'>perductum</span> <span class='ocrx_word' id='word_1_128' title='bbox 507 2072 545 2131; x_wconf 91' lang='lat' dir='ltr'>ad</span> <span class='ocrx_word' id='word_1_129' title='bbox 564 2091 620 2143; x_wconf 90' lang='lat' dir='ltr'>me,</span> <span class='ocrx_word' id='word_1_130' title='bbox 636 2090 704 2131; x_wconf 93' lang='lat' dir='ltr'>cum</span> <span class='ocrx_word' id='word_1_131' title='bbox 726 2072 829 2132; x_wconf 91' lang='lat' dir='ltr'>eadem</span> <span class='ocrx_word' id='word_1_132' title='bbox 850 2082 1002 2144; x_wconf 87' lang='lat' dir='ltr'>narrasset,</span> <span class='ocrx_word' id='word_1_133' title='bbox 1016 2073 1133 2130; x_wconf 90' lang='lat' dir='ltr'>mitten-</span> 
     </span>
     <span class='ocr_line' id='line_1_18' title="bbox 90 2170 1133 2247; baseline 0.004 -23"><span class='ocrx_word' id='word_1_134' title='bbox 90 2188 119 2224; x_wconf 89' lang='lat'>10</span> <span class='ocrx_word' id='word_1_135' title='bbox 132 2171 203 2230; x_wconf 91' lang='lat' dir='ltr'>dum</span> <span class='ocrx_word' id='word_1_136' title='bbox 231 2172 269 2230; x_wconf 90' lang='lat' dir='ltr'>ad</span> <span class='ocrx_word' id='word_1_137' title='bbox 293 2182 321 2230; x_wconf 92' lang='lat' dir='ltr'>te</span> <span class='ocrx_word' id='word_1_138' title='bbox 344 2171 457 2247; x_wconf 89' lang='lat' dir='ltr'>putavi;</span> <span class='ocrx_word' id='word_1_139' title='bbox 488 2170 568 2247; x_wconf 93' lang='lat' dir='ltr'>quod</span> <span class='ocrx_word' id='word_1_140' title='bbox 591 2171 680 2247; x_wconf 89' lang='lat' dir='ltr'>paulo</span> <span class='ocrx_word' id='word_1_141' title='bbox 703 2172 811 2230; x_wconf 88' lang='lat' dir='ltr'>tardius</span> <span class='ocrx_word' id='word_1_142' title='bbox 835 2171 900 2244; x_wconf 89' lang='lat' dir='ltr'>feci,</span> <span class='ocrx_word' id='word_1_143' title='bbox 924 2172 994 2230; x_wconf 92' lang='lat' dir='ltr'>dum</span> <span class='ocrx_word' id='word_1_144' title='bbox 1016 2171 1133 2247; x_wconf 89' lang='lat' dir='ltr'>requiro</span> 
     </span>
     <span class='ocr_line' id='line_1_19' title="bbox 131 2269 1132 2347; baseline 0 -18"><span class='ocrx_word' id='word_1_145' title='bbox 131 2289 290 2346; x_wconf 90' lang='lat' dir='ltr'>gemmam,</span> <span class='ocrx_word' id='word_1_146' title='bbox 311 2289 398 2347; x_wconf 89' lang='lat' dir='ltr'>quam</span> <span class='ocrx_word' id='word_1_147' title='bbox 420 2269 475 2328; x_wconf 92' lang='lat' dir='ltr'>sibi</span> <span class='ocrx_word' id='word_1_148' title='bbox 495 2269 653 2329; x_wconf 91' lang='lat' dir='ltr'>habentem</span> <span class='ocrx_word' id='word_1_149' title='bbox 674 2271 833 2346; x_wconf 91' lang='lat' dir='ltr'>imaginem</span> <span class='ocrx_word' id='word_1_150' title='bbox 853 2270 956 2329; x_wconf 88' lang='lat' dir='ltr'>Pacori</span> <span class='ocrx_word' id='word_1_151' title='bbox 976 2279 1006 2329; x_wconf 90' lang='lat' dir='ltr'>et</span> <span class='ocrx_word' id='word_1_152' title='bbox 1026 2271 1132 2346; x_wconf 89' lang='lat' dir='ltr'>quibus</span> 
     </span>
     <span class='ocr_line' id='line_1_20' title="bbox 131 2367 1131 2444; baseline -0.003 -17"><span class='ocrx_word' id='word_1_153' title='bbox 131 2379 251 2427; x_wconf 88' lang='lat' dir='ltr'>ornatus</span> <span class='ocrx_word' id='word_1_154' title='bbox 266 2368 366 2426; x_wconf 91' lang='lat' dir='ltr'>fuisset</span> <span class='ocrx_word' id='word_1_155' title='bbox 381 2368 557 2426; x_wconf 89' lang='lat' dir='ltr'>subtractam</span> <span class='ocrx_word' id='word_1_156' title='bbox 572 2367 726 2427; x_wconf 87' lang='lat' dir='ltr'>indicabat.</span> <span class='ocrx_word' id='word_1_157' title='bbox 768 2367 855 2426; x_wconf 90' lang='lat' dir='ltr'>Volui</span> <span class='ocrx_word' id='word_1_158' title='bbox 869 2369 948 2427; x_wconf 88' lang='lat' dir='ltr'>enim</span> <span class='ocrx_word' id='word_1_159' title='bbox 968 2368 1043 2426; x_wconf 91' lang='lat' dir='ltr'>hanc</span> <span class='ocrx_word' id='word_1_160' title='bbox 1058 2385 1131 2444; x_wconf 93' lang='lat' dir='ltr'>quo-</span> 
     </span>
     <span class='ocr_line' id='line_1_21' title="bbox 132 2464 1131 2543; baseline -0.002 -19"><span class='ocrx_word' id='word_1_161' title='bbox 132 2485 198 2543; x_wconf 90' lang='lat' dir='ltr'>que,</span> <span class='ocrx_word' id='word_1_162' title='bbox 214 2464 238 2524; x_wconf 90' lang='lat' dir='ltr'>si</span> <span class='ocrx_word' id='word_1_163' title='bbox 257 2465 377 2524; x_wconf 90' lang='lat' dir='ltr'>inveniri</span> <span class='ocrx_word' id='word_1_164' title='bbox 396 2467 547 2541; x_wconf 89' lang='lat' dir='ltr'>potuisset,</span> <span class='ocrx_word' id='word_1_165' title='bbox 563 2467 648 2525; x_wconf 91' lang='lat' dir='ltr'>simul</span> <span class='ocrx_word' id='word_1_166' title='bbox 666 2467 788 2538; x_wconf 88' lang='lat' dir='ltr'>mittere,</span> <span class='ocrx_word' id='word_1_167' title='bbox 803 2468 876 2526; x_wconf 91' lang='lat' dir='ltr'>sicut</span> <span class='ocrx_word' id='word_1_168' title='bbox 892 2466 1040 2543; x_wconf 90' lang='lat' dir='ltr'>glebulam</span> <span class='ocrx_word' id='word_1_169' title='bbox 1056 2467 1131 2538; x_wconf 89' lang='lat' dir='ltr'>misi,</span> 
     </span>
     <span class='ocr_line' id='line_1_22' title="bbox 131 2563 1133 2642; baseline 0 -18"><span class='ocrx_word' id='word_1_170' title='bbox 131 2583 222 2642; x_wconf 90' lang='lat' dir='ltr'>quam</span> <span class='ocrx_word' id='word_1_171' title='bbox 250 2582 281 2624; x_wconf 89' lang='lat' dir='ltr'>se</span> <span class='ocrx_word' id='word_1_172' title='bbox 310 2583 345 2624; x_wconf 85' lang='lat' dir='ltr'>ex</span> <span class='ocrx_word' id='word_1_173' title='bbox 374 2564 508 2624; x_wconf 89' lang='lat' dir='ltr'>Parthico</span> <span class='ocrx_word' id='word_1_174' title='bbox 536 2565 653 2624; x_wconf 88' lang='lat' dir='ltr'>metallo</span> <span class='ocrx_word' id='word_1_175' title='bbox 682 2566 810 2625; x_wconf 89' lang='lat' dir='ltr'>attulisse</span> <span class='ocrx_word' id='word_1_176' title='bbox 837 2565 958 2624; x_wconf 90' lang='lat' dir='ltr'>dicebat.</span> <span class='ocrx_word' id='word_1_177' title='bbox 1012 2563 1133 2641; x_wconf 89' lang='lat' dir='ltr'>Signata</span> 
     </span>
     <span class='ocr_line' id='line_1_23' title="bbox 89 2663 943 2740; baseline 0.005 -22"><span class='ocrx_word' id='word_1_178' title='bbox 89 2685 117 2735; x_wconf 81' lang='lat'>15</span> <span class='ocrx_word' id='word_1_179' title='bbox 131 2674 176 2723; x_wconf 90' lang='lat' dir='ltr'>est</span> <span class='ocrx_word' id='word_1_180' title='bbox 190 2664 277 2723; x_wconf 91' lang='lat' dir='ltr'>anulo</span> <span class='ocrx_word' id='word_1_181' title='bbox 292 2681 369 2734; x_wconf 89' lang='lat' dir='ltr'>meo,</span> <span class='ocrx_word' id='word_1_182' title='bbox 385 2663 467 2722; x_wconf 86' lang='lat' dir='ltr'>cuius</span> <span class='ocrx_word' id='word_1_183' title='bbox 481 2672 524 2722; x_wconf 91' lang='lat' dir='ltr'>est</span> <span class='ocrx_word' id='word_1_184' title='bbox 537 2665 780 2740; x_wconf 86' lang='lat' dir='ltr'>aposphragisma</span> <span class='ocrx_word' id='word_1_185' title='bbox 794 2664 943 2740; x_wconf 90' lang='lat' dir='ltr'>quadriga.</span> 
     </span>
    </p>
   </div>
   <div class='ocr_carea' id='block_1_7' title="bbox 405 2869 782 3004">
    <p class='ocr_par' dir='ltr' id='par_1_7' title="bbox 405 2869 782 3004">
     <span class='ocr_line' id='line_1_24' title="bbox 405 2869 782 3004; baseline -0.011 -60"><span class='ocrx_word' id='word_1_186' title='bbox 405 2869 530 3004; x_wconf 49' lang='lat' dir='ltr'>„pao</span> <span class='ocrx_word' id='word_1_187' title='bbox 575 2881 782 2963; x_wconf 81' lang='lat' dir='ltr'><strong>(TRA1.96.)</strong></span> 
     </span>
    </p>
   </div>
   <div class='ocr_carea' id='block_1_8' title="bbox 5 2985 1133 3338">
    <p class='ocr_par' dir='ltr' id='par_1_8' title="bbox 5 2985 1132 3089">
     <span class='ocr_line' id='line_1_25' title="bbox 5 2985 1132 3089; baseline -0.004 -13"><span class='ocrx_word' id='word_1_188' title='bbox 5 2985 7 3076; x_wconf 84' lang='lat' dir='ltr'>l</span> <span class='ocrx_word' id='word_1_189' title='bbox 163 3023 236 3088; x_wconf 89' lang='lat' dir='ltr'>Pliny</span> <span class='ocrx_word' id='word_1_190' title='bbox 247 3024 305 3074; x_wconf 77' lang='lat' dir='ltr'>aslis</span> <span class='ocrx_word' id='word_1_191' title='bbox 320 3025 378 3074; x_wconf 91' lang='lat' dir='ltr'>how</span> <span class='ocrx_word' id='word_1_192' title='bbox 394 3024 425 3074; x_wconf 94' lang='lat' dir='ltr'>he</span> <span class='ocrx_word' id='word_1_193' title='bbox 443 3025 522 3089; x_wconf 87' lang='lat' dir='ltr'>ought</span> <span class='ocrx_word' id='word_1_194' title='bbox 533 3031 560 3072; x_wconf 94' lang='lat' dir='ltr'>to</span> <span class='ocrx_word' id='word_1_195' title='bbox 577 3023 633 3072; x_wconf 89' lang='lat' dir='ltr'>deal</span> <span class='ocrx_word' id='word_1_196' title='bbox 649 3023 711 3072; x_wconf 89' lang='lat' dir='ltr'>with</span> <span class='ocrx_word' id='word_1_197' title='bbox 728 3023 770 3072; x_wconf 90' lang='lat' dir='ltr'>the</span> <span class='ocrx_word' id='word_1_198' title='bbox 787 3022 933 3079; x_wconf 87' lang='lat' dir='ltr'>Christians,</span> <span class='ocrx_word' id='word_1_199' title='bbox 950 3022 1072 3074; x_wconf 89' lang='lat' dir='ltr'>describes</span> <span class='ocrx_word' id='word_1_200' title='bbox 1089 3023 1132 3072; x_wconf 88' lang='lat' dir='ltr'>the</span> 
     </span>
    </p>

    <p class='ocr_par' dir='ltr' id='par_1_9' title="bbox 5 3079 1131 3180">
     <span class='ocr_line' id='line_1_26' title="bbox 5 3079 1131 3180; baseline -0.002 -24"><span class='ocrx_word' id='word_1_201' title='bbox 5 3079 7 3180; x_wconf 66' lang='lat' dir='ltr'>l</span> <span class='ocrx_word' id='word_1_202' title='bbox 129 3107 232 3156; x_wconf 89' lang='lat' dir='ltr'>method</span> <span class='ocrx_word' id='word_1_203' title='bbox 240 3106 323 3156; x_wconf 87' lang='lat' dir='ltr'>which</span> <span class='ocrx_word' id='word_1_204' title='bbox 334 3108 365 3157; x_wconf 94' lang='lat' dir='ltr'>he</span> <span class='ocrx_word' id='word_1_205' title='bbox 376 3107 421 3156; x_wconf 89' lang='lat' dir='ltr'>has</span> <span class='ocrx_word' id='word_1_206' title='bbox 432 3107 540 3156; x_wconf 86' lang='lat' dir='ltr'>hitherto</span> <span class='ocrx_word' id='word_1_207' title='bbox 552 3106 675 3163; x_wconf 78' lang='lat' dir='ltr'>followed,</span> <span class='ocrx_word' id='word_1_208' title='bbox 687 3105 776 3155; x_wconf 89' lang='lat' dir='ltr'>relates</span> <span class='ocrx_word' id='word_1_209' title='bbox 786 3105 855 3154; x_wconf 86' lang='lat' dir='ltr'>what</span> <span class='ocrx_word' id='word_1_210' title='bbox 863 3105 896 3154; x_wconf 92' lang='lat' dir='ltr'>he</span> <span class='ocrx_word' id='word_1_211' title='bbox 906 3105 952 3154; x_wconf 92' lang='lat' dir='ltr'>has</span> <span class='ocrx_word' id='word_1_212' title='bbox 962 3107 1024 3156; x_wconf 86' lang='lat' dir='ltr'>been</span> <span class='ocrx_word' id='word_1_213' title='bbox 1035 3106 1092 3156; x_wconf 91' lang='lat' dir='ltr'>able</span> <span class='ocrx_word' id='word_1_214' title='bbox 1104 3113 1131 3154; x_wconf 92' lang='lat' dir='ltr'>to</span> 
     </span>
    </p>

    <p class='ocr_par' dir='ltr' id='par_1_10' title="bbox 5 3181 1133 3338">
     <span class='ocr_line' id='line_1_27' title="bbox 5 3181 1133 3252; baseline -0.004 -13"><span class='ocrx_word' id='word_1_215' title='bbox 5 3181 6 3190; x_wconf 41' lang='lat'>¹</span> <span class='ocrx_word' id='word_1_216' title='bbox 129 3191 198 3239; x_wconf 89' lang='lat' dir='ltr'>leam</span> <span class='ocrx_word' id='word_1_217' title='bbox 212 3189 242 3239; x_wconf 87' lang='lat' dir='ltr'>of</span> <span class='ocrx_word' id='word_1_218' title='bbox 255 3190 318 3239; x_wconf 88' lang='lat' dir='ltr'>their</span> <span class='ocrx_word' id='word_1_219' title='bbox 331 3190 374 3240; x_wconf 84' lang='lat' dir='ltr'>life</span> <span class='ocrx_word' id='word_1_220' title='bbox 390 3190 439 3239; x_wconf 87' lang='lat' dir='ltr'>and</span> <span class='ocrx_word' id='word_1_221' title='bbox 455 3192 624 3245; x_wconf 86' lang='lat' dir='ltr'>observances,</span> <span class='ocrx_word' id='word_1_222' title='bbox 635 3189 684 3237; x_wconf 90' lang='lat' dir='ltr'>and</span> <span class='ocrx_word' id='word_1_223' title='bbox 700 3188 761 3237; x_wconf 92' lang='lat' dir='ltr'>adds</span> <span class='ocrx_word' id='word_1_224' title='bbox 778 3187 841 3246; x_wconf 88' lang='lat' dir='ltr'>that,</span> <span class='ocrx_word' id='word_1_225' title='bbox 853 3188 949 3252; x_wconf 88' lang='lat' dir='ltr'>though</span> <span class='ocrx_word' id='word_1_226' title='bbox 966 3188 1008 3238; x_wconf 89' lang='lat' dir='ltr'>the</span> <span class='ocrx_word' id='word_1_227' title='bbox 1025 3188 1073 3238; x_wconf 85' lang='lat' dir='ltr'>evil</span> <span class='ocrx_word' id='word_1_228' title='bbox 1086 3188 1133 3236; x_wconf 92' lang='lat' dir='ltr'>has</span> 
     </span>
     <span class='ocr_line' id='line_1_28' title="bbox 131 3271 801 3338; baseline -0.003 -16"><span class='ocrx_word' id='word_1_229' title='bbox 131 3273 220 3338; x_wconf 91' lang='lat' dir='ltr'>spread</span> <span class='ocrx_word' id='word_1_230' title='bbox 233 3273 338 3338; x_wconf 87' lang='lat' dir='ltr'>rapidly‚</span> <span class='ocrx_word' id='word_1_231' title='bbox 349 3275 369 3322; x_wconf 92' lang='lat' dir='ltr'>it</span> <span class='ocrx_word' id='word_1_232' title='bbox 380 3290 437 3338; x_wconf 88' lang='lat' dir='ltr'>may</span> <span class='ocrx_word' id='word_1_233' title='bbox 448 3275 487 3332; x_wconf 90' lang='lat' dir='ltr'>be,</span> <span class='ocrx_word' id='word_1_234' title='bbox 498 3273 549 3322; x_wconf 90' lang='lat' dir='ltr'>and</span> <span class='ocrx_word' id='word_1_235' title='bbox 559 3273 580 3321; x_wconf 92' lang='lat' dir='ltr'>is</span> <span class='ocrx_word' id='word_1_236' title='bbox 591 3272 672 3336; x_wconf 88' lang='lat' dir='ltr'>being,</span> <span class='ocrx_word' id='word_1_237' title='bbox 684 3271 801 3321; x_wconf 85' lang='lat' dir='ltr'>checked.</span> 
     </span>
    </p>
   </div>
   <div class='ocr_carea' id='block_1_9' title="bbox 376 3418 892 3461">
    <p class='ocr_par' dir='ltr' id='par_1_11' title="bbox 376 3418 892 3461">
     <span class='ocr_line' id='line_1_29' title="bbox 376 3418 892 3461; baseline -0.004 0"><span class='ocrx_word' id='word_1_238' title='bbox 376 3420 401 3461; x_wconf 84' lang='lat' dir='ltr'>C·</span> <span class='ocrx_word' id='word_1_239' title='bbox 423 3420 535 3460; x_wconf 85' lang='lat' dir='ltr'>PLINIUS</span> <span class='ocrx_word' id='word_1_240' title='bbox 555 3419 683 3459; x_wconf 77' lang='lat' dir='ltr'>TRAIANO</span> <span class='ocrx_word' id='word_1_241' title='bbox 703 3418 892 3459; x_wconf 80' lang='lat' dir='ltr'>IMPERATORI.</span> 
     </span>
    </p>
   </div>
   <div class='ocr_carea' id='block_1_10' title="bbox 128 3539 1131 3719">
    <p class='ocr_par' dir='ltr' id='par_1_12' title="bbox 128 3539 1131 3719">
     <span class='ocr_line' id='line_1_30' title="bbox 171 3539 1131 3618; baseline -0.001 -15"><span class='ocrx_word' id='word_1_242' title='bbox 171 3542 320 3603; x_wconf 91' lang='lat' dir='ltr'>Sollemne</span> <span class='ocrx_word' id='word_1_243' title='bbox 334 3551 377 3600; x_wconf 93' lang='lat' dir='ltr'>est</span> <span class='ocrx_word' id='word_1_244' title='bbox 391 3542 470 3612; x_wconf 90' lang='lat' dir='ltr'>mihi,</span> <span class='ocrx_word' id='word_1_245' title='bbox 486 3542 613 3614; x_wconf 90' lang='lat' dir='ltr'>domine,</span> <span class='ocrx_word' id='word_1_246' title='bbox 627 3542 727 3601; x_wconf 92' lang='lat' dir='ltr'>omnia</span> <span class='ocrx_word' id='word_1_247' title='bbox 746 3539 783 3601; x_wconf 92' lang='lat' dir='ltr'>de</span> <span class='ocrx_word' id='word_1_248' title='bbox 804 3543 909 3618; x_wconf 92' lang='lat' dir='ltr'>quibus</span> <span class='ocrx_word' id='word_1_249' title='bbox 930 3542 1030 3601; x_wconf 90' lang='lat' dir='ltr'>dubito</span> <span class='ocrx_word' id='word_1_250' title='bbox 1050 3543 1089 3602; x_wconf 88' lang='lat' dir='ltr'>ad</span> <span class='ocrx_word' id='word_1_251' title='bbox 1102 3554 1131 3602; x_wconf 92' lang='lat' dir='ltr'>te</span> 
     </span>
     <span class='ocr_line' id='line_1_31' title="bbox 128 3641 1131 3719; baseline 0 -17"><span class='ocrx_word' id='word_1_252' title='bbox 128 3642 244 3702; x_wconf 88' lang='lat' dir='ltr'>referre.</span> <span class='ocrx_word' id='word_1_253' title='bbox 288 3641 362 3715; x_wconf 91' lang='lat' dir='ltr'>Quis</span> <span class='ocrx_word' id='word_1_254' title='bbox 385 3641 464 3700; x_wconf 88' lang='lat' dir='ltr'>enim</span> <span class='ocrx_word' id='word_1_255' title='bbox 486 3650 582 3719; x_wconf 87' lang='lat' dir='ltr'>potest</span> <span class='ocrx_word' id='word_1_256' title='bbox 605 3642 709 3702; x_wconf 91' lang='lat' dir='ltr'>melius</span> <span class='ocrx_word' id='word_1_257' title='bbox 730 3643 775 3700; x_wconf 91' lang='lat' dir='ltr'>vel</span> <span class='ocrx_word' id='word_1_258' title='bbox 797 3641 1013 3701; x_wconf 88' lang='lat' dir='ltr'>cunctationem</span> <span class='ocrx_word' id='word_1_259' title='bbox 1034 3659 1131 3702; x_wconf 88' lang='lat' dir='ltr'>meam</span> 
     </span>
    </p>
   </div>
   <div class='ocr_carea' id='block_1_11' title="bbox 0 0 1318 3976">
    <p class='ocr_par' dir='ltr' id='par_1_13' title="bbox 0 0 1318 3976">
     <span class='ocr_line' id='line_1_32' title="bbox 0 0 1318 3976; baseline 0 0"><span class='ocrx_word' id='word_1_260' title='bbox 0 0 1318 3976; x_wconf 95' lang='lat' dir='ltr'> </span> 
     </span>
    </p>
   </div>
  </div>
 </body>
</html>
