2636 3980
179 189 223 250 44
449 186 470 233 A
496 186 693 235 SELEGTION
711 189 818 236 FROM
839 188 908 235 THE

181 339 276 411 dolet‚’
292 342 329 400 ad
348 346 428 418 quod
447 363 498 422 per
517 346 589 404 haec
610 357 780 422 perventum
793 348 857 406 esti
886 365 953 405 cum
975 348 1088 406 interim
1108 347 1177 408 illud

181 440 299 515 quidem
313 442 417 517 ingens
431 443 517 515 lama,
533 444 606 504 haec
626 446 703 504 nulla
721 446 891 504 circumfert.
933 445 1021 505 Unde
1036 447 1177 523 colligitur

181 538 260 612 quod
274 539 355 599 initio
370 541 437 612 dixi,
452 543 507 601 alia
522 562 586 602 esse
601 545 720 603 clariora
734 545 788 604 alia
802 546 919 604 maiora.
962 545 1044 604 Vale.

506 826 557 879 32.
599 820 729 901 (BOOK
751 840 777 895 3.
802 819 861 900 18.)

215 973 286 1037 Pliny
297 975 318 1023 is
335 975 460 1040 delighted
474 977 532 1026 with
550 979 591 1028 the
608 979 751 1029 favourable
766 980 889 1044 reception
907 981 978 1044 given
996 987 1023 1028 to
1039 979 1078 1028 his
1095 977 1179 1042 public

182 1057 310 1106 recitation
327 1059 356 1106 of
370 1059 411 1108 the
428 1059 563 1124 Panegyric
579 1077 611 1110 on
623 1063 721 1125 Trajan.
733 1069 759 1111 at
776 1063 829 1112 first
846 1063 969 1112 delivered
986 1064 1019 1125 by
1030 1062 1082 1110 him
1099 1061 1125 1109 in
1137 1061 1179 1110 the

182 1147 272 1200 serrate,
285 1142 333 1190 and
344 1143 410 1192 since
421 1143 479 1192 then
490 1145 605 1208 enlarged
616 1146 664 1194 and
676 1147 815 1210 published,

426 1317 451 1358 C.
472 1316 583 1358 PLINIUS
604 1318 690 1359 CURIO
711 1318 819 1360 SEVERO
840 1317 893 1359 SUO
914 1318 935 1358 S.

224 1437 360 1496 Officium
381 1439 548 1499 consulatus
569 1439 691 1498 iniunxit
711 1441 782 1498 mibi
796 1451 827 1498 ut
845 1440 886 1497 rei
905 1439 1039 1515 publicae
1061 1439 1182 1496 nomine

182 1535 306 1611 principi
334 1536 439 1612 gratias
467 1555 592 1614 agerem.
649 1539 738 1611 Quod
766 1558 823 1615 ego
852 1540 882 1596 in
911 1547 1014 1596 senatu
1049 1555 1116 1596 cum
1143 1536 1183 1594 ad

182 1633 326 1690 rationem
349 1644 377 1692 et
401 1634 458 1693 loci
481 1647 510 1694 et
530 1639 669 1714 temporis
692 1657 727 1695 ex
750 1655 833 1695 more
856 1636 1000 1704 fecissem,
1022 1635 1102 1694 bono
1127 1635 1183 1692 civi

184 1733 488 1792 convenientissimum
512 1736 620 1795 credidi
642 1737 744 1795 eadem
764 1736 812 1794 illa
836 1736 992 1811 spatiosius
1016 1743 1044 1792 et
1066 1733 1183 1791 uberius

183 1829 328 1889 volumine
357 1833 499 1908 amplecti,
527 1835 654 1910 primum
684 1845 716 1893 ut
742 1833 909 1909 imperatori
937 1842 1038 1890 nostro
1066 1833 1209 1897 virtutes5

184 1947 253 1987 suae
268 1930 341 1989 veris
354 1930 487 1990 laudibus
505 1933 794 2005 commendarentur,
824 1931 928 1990 deinde
943 1941 975 1989 ut
996 1929 1082 1988 futuri
1105 1930 1183 2006 prin-

185 2029 265 2104 cipes
284 2047 345 2087 non
368 2031 450 2106 quasi
471 2049 489 2089 a
509 2033 657 2106 magistre,
677 2033 729 2091 sed
750 2041 848 2091 tamen
870 2031 923 2088 sub
943 2031 1079 2106 exemplo
1100 2047 1184 2104 prae·

184 2141 381 2197 monerentur,
397 2147 455 2203 qua
468 2130 651 2204 potissimum
666 2133 711 2189 via
727 2139 848 2207 possent
868 2129 905 2187 ad
922 2129 1046 2188 eandem
1061 2129 1184 2205 gloriam

185 2224 245 2280 niti.
287 2223 365 2281 Nam
385 2226 550 2301 praecipere
565 2229 656 2303 qualis
675 2246 740 2287 esse
760 2229 863 2287 debeat
882 2228 1018 2304 princeps
1032 2226 1185 2303 pulchrum

185 2322 312 2398 quidem,
327 2323 379 2381 sed
393 2341 551 2382 onerosum
565 2345 599 2384 ac
613 2344 706 2404 prope
726 2329 884 2402 superbum
898 2337 958 2397 est3
983 2325 1101 2384 laudare
1116 2341 1186 2382 vero
1199 2350 1231 2384 ιο

185 2423 329 2496 optimum
356 2422 518 2498 principem
546 2442 580 2482 ac
608 2443 660 2502 per
687 2425 744 2484 hoc
772 2429 895 2502 posteris
923 2424 1000 2484 velut
1025 2441 1041 2483 e
1066 2423 1188 2500 specula

184 2523 284 2580 lumen
299 2521 377 2598 quod
397 2533 553 2598 sequantur
571 2526 724 2584 ostendere
746 2524 823 2584 idem
844 2525 973 2583 utilitatis
990 2524 1084 2593 habet,
1100 2521 1186 2580 adro·

185 2621 300 2695 gantiae
329 2620 409 2678 nihil.
462 2619 535 2698 Cepi
564 2635 660 2682 autem
692 2641 753 2682 non
788 2625 967 2683 mediocrem
995 2621 1187 2696 voluptatem,

186 2718 274 2794 quod,
289 2718 365 2776 hunc
387 2719 491 2776 librum
513 2738 580 2778 cum
602 2721 703 2780 amicis
724 2723 845 2781 recitare
865 2721 1031 2790 voluissem,
1051 2731 1112 2776 non
1134 2731 1189 2793 per

187 2818 345 2890 codicillos
360 2836 421 2877 non
436 2838 488 2895 per
502 2820 621 2892 libellos,
638 2823 689 2880 sed
709 2824 752 2881 ‘si
773 2815 975 2881 commodum'
997 2829 1025 2877 et
1047 2821 1089 2875 ‘si
1103 2817 1188 2876 valde
1203 2841 1234 2890 ¹5

186 2915 315 2974 vacaret'
329 2916 471 2975 admoniti
488 2917 662 2997 (numquam
684 2935 772 2997 porro
794 2930 844 2978 aut
864 2919 946 2976 valde
967 2927 1050 2974 vacat
1072 2915 1188 2974 Romae

187 3024 237 3073 aut
261 3016 451 3073 commodum
474 3027 518 3075 est
538 3018 637 3076 audire
660 3015 849 3096 recitantem),
872 3015 1049 3074 foedissimis
1069 3015 1191 3090 insuper

188 3115 415 3192 tempestatibus,
439 3133 491 3190 per
514 3117 634 3174 biduum
663 3125 869 3185 convenerunt,
894 3129 1022 3190 cumque
1045 3109 1192 3170 modestia

188 3233 254 3272 mea
276 3212 364 3271 linem
384 3214 543 3272 recitationi
565 3214 661 3273 facere
682 3216 827 3286 voluisset,
848 3222 882 3271 ut
905 3212 1048 3270 adicerem
1072 3209 1191 3268 tertium

189 3315 266 3374 diem
291 3322 455 3388 exegerunt.
500 3312 573 3371 Mihi
598 3313 676 3372 hunc
700 3314 842 3372 honorem
868 3311 998 3370 habitum
1019 3318 1127 3384 putem,
1150 3322 1190 3366 an
1204 3331 1239 3365 20

190 3412 312 3470 studiis?
347 3411 454 3469 Studiis
476 3411 563 3481 malo,
586 3429 660 3486 quae
680 3427 773 3487 prope
793 3411 917 3468 extincta
936 3407 1105 3465 refoventur.
1149 3407 1191 3463 At

191 3511 237 3567 cui
251 3512 386 3569 materiae
406 3508 482 3569 hanc
502 3510 682 3569 sedulitatem
705 3506 927 3584 praestiterunt?
970 3505 1086 3580 Nempe
1100 3521 1192 3580 quam

189 3608 221 3666 in
242 3619 345 3668 senatu
369 3626 496 3687 quoque,
517 3609 566 3665 ubi
587 3607 700 3686 perpeti
720 3621 840 3664 necesse
864 3613 934 3676 erat,
955 3604 1065 3679 gravari
1091 3611 1192 3661 tamen
