2636 3980
172 149 330 198 LETTERS
353 151 397 199 oF
419 153 447 203 C.
463 154 611 200 PLINIUS
634 154 821 202 CAECILIUS
844 152 1036 201 SECUNDUS.
1083 148 1123 218 73

128 321 186 361 una
213 305 325 378 vellem,
349 306 416 366 facit
441 309 574 384 copiam:
607 309 744 385 respondi
768 309 883 368 studere
907 327 955 366 me
975 304 1070 370 malle,
1097 312 1126 360 et

128 402 200 459 forte
228 404 290 479 ipse
319 407 399 480 quod
424 407 579 466 scriberem
607 408 733 468 dederat.
785 407 995 485 Egrediebatur
1018 405 1124 462 domo:

129 501 232 577 accipit
253 503 400 562 codicillos
421 505 562 566 Rectinae
584 507 671 566 Tasci
696 507 847 565 inminenti
875 504 1004 583 periculo
1033 512 1124 561 exter·

89 602 197 662 soritae
212 598 294 678 (nam
307 602 372 661 villa
393 604 454 662 eius
476 606 650 676 subiacebat,
666 625 721 665 nec
739 607 797 664 ulla
816 606 870 664 nisi
889 606 1009 662 navibus
1023 599 1122 681 fuga):

128 710 159 757 ut
173 719 205 758 se
219 710 301 759 tanto
321 703 477 760 discrimini
496 705 617 780 eriperet
637 705 747 764 orabat.
790 705 884 762 Vertit
903 703 949 761 ille
971 701 1124 760 consilium

129 807 157 856 et
171 798 250 874 quod
266 801 397 861 studioso
412 803 511 862 animo
530 804 716 862 inchoaverat
736 804 799 862 obit
817 803 956 860 maximo.
997 800 1125 858 Deducit

128 898 331 973 quadriremes,
354 902 485 960 ascendit
507 903 569 979 ipse
590 919 652 960 non
674 901 813 960 Rectinae
836 901 927 959 modo
951 900 1002 958 s‘ed
1027 899 1124 957 multis

128 993 293 1075 (eratenim
311 999 447 1078 frequens
469 1003 630 1061 amoenitas
648 997 728 1079 orae)
742 1000 849 1058 laturus
865 1000 1010 1058 auxilium.
1052 997 1124 1056 Pro-

87 1112 117 1162 35
127 1104 209 1171 perat
222 1096 288 1155 illuc
302 1099 380 1156 unde
399 1099 444 1156 alii
464 1100 578 1176 fugiunt
591 1109 760 1174 rectumque
780 1116 904 1169 cursum,
919 1107 998 1156 recta
1018 1097 1123 1174 guber·

131 1195 235 1253 nacula
250 1197 280 1253 in
294 1197 455 1272 periculum
469 1207 556 1269 tenet,
572 1197 645 1257 adeo
661 1198 772 1256 solutus
786 1206 874 1267 metu,
889 1205 919 1253 ut
933 1215 1038 1254 omnes
1052 1195 1125 1254 illius

126 1294 194 1351 mali
218 1305 323 1365 motus
345 1313 449 1354 omnes
470 1297 586 1372 figuras,
611 1307 643 1355 ut
668 1295 859 1372 deprenderat
884 1295 982 1366 oculis,
1004 1295 1124 1353 dictaret

126 1403 322 1470 enotaretque.
378 1394 441 1452 Iam
477 1397 596 1454 navibus
623 1396 695 1453 cinis
730 1395 884 1465 incidebat,
913 1412 972 1470 quo
1003 1395 1123 1470 propius

126 1492 304 1566 accederent,
325 1495 442 1552 calidior
461 1505 490 1553 et
509 1496 632 1567 densior,
651 1497 710 1553 iarn
731 1496 862 1570 pumices
884 1473 975 1552 etiarn
992 1494 1123 1570 nigrique

84 1613 118 1659 40
126 1603 155 1650 et
169 1593 294 1651 ambusti
308 1603 336 1651 et
355 1594 436 1652 fracti
454 1595 522 1671 igne
543 1595 662 1672 lapides,
677 1596 735 1653 iam
756 1595 862 1653 vadum
883 1594 1007 1652 subitum
1028 1595 1123 1652 ruina-

126 1710 183 1767 que
208 1694 316 1751 montis
340 1693 423 1752 litora
445 1696 598 1754 obstantia.
651 1695 811 1754 Cunctatus
833 1694 960 1770 paulum,
987 1711 1024 1752 an
1046 1703 1122 1751 retro

125 1789 261 1861 flecteret,
285 1809 356 1849 mox
380 1794 566 1868 gubernatori
592 1801 624 1850 ut
648 1793 687 1850 ita
710 1793 817 1851 laceret
839 1794 970 1851 monenti
999 1791 1122 1850 ‘sortes'

125 1889 218 1964 inquit
247 1889 379 1948 ‘fortuna
406 1892 490 1958 iuvat,
519 1891 755 1967 Pomponianum
784 1891 868 1968 pete!
921 1889 1026 1949 Stabiis
1053 1899 1122 1961 erat,

126 1988 284 2065 diremptus
304 1990 369 2047 sinu
389 1992 488 2050 medio
508 1993 589 2064 (nam
611 1991 719 2049 sensim
742 1991 921 2049 circumactis
942 1991 1122 2066 curvatisque

81 2103 114 2154 45
125 2088 255 2146 litoribus
269 2106 348 2146 mare
362 2087 532 2167 infunditur)
545 2108 552 2148 :
582 2091 630 2162 ibi,
645 2109 823 2167 quamquam
840 2090 973 2149 nondum
992 2089 1122 2166 periculo

125 2186 384 2264 adpropinquante,
400 2189 559 2266 conspicuo
574 2198 673 2247 tamen
690 2199 719 2247 et
737 2207 804 2247 cum
824 2199 964 2248 cresceret
977 2190 1122 2265 proximo,

125 2287 253 2344 sarcinas
267 2288 425 2347 contulerat
439 2289 469 2345 in
483 2307 572 2347 naves
587 2298 681 2347 certus
699 2289 794 2364 fugae,
810 2290 833 2347 si
848 2290 1006 2348 contrarius
1020 2297 1123 2346 ventus

123 2386 285 2445 resedisset.
330 2386 399 2458 Quo
420 2398 490 2446 tunc
511 2389 668 2448 avunculus
689 2407 772 2448 meus
794 2388 1005 2447 secundissimo
1026 2389 1122 2445 invec-

123 2494 171 2543 tus
199 2486 399 2563 complectitur
426 2486 625 2562 trepidantem,
659 2488 834 2558 consolatur,
864 2487 1000 2557 hortatur,
1032 2495 1122 2562 utque

82 2609 114 2656 50
124 2584 258 2644 timorem
287 2587 347 2644 eius
375 2604 427 2644 sua
455 2587 605 2644 securitate
635 2586 748 2656 leniret,
777 2585 879 2644 deferri
914 2586 944 2642 in
975 2585 1121 2644 balineum

122 2684 218 2742 iubet:
254 2683 330 2742 lotus
358 2687 488 2753 accubat,
518 2694 603 2743 cenat
631 2695 681 2743 aut
708 2685 804 2744 hilaris
833 2697 890 2756 aut,
919 2685 1001 2761 quod
1029 2703 1122 2762 aeque

122 2801 273 2858 magnum,
296 2784 393 2842 similis
414 2783 503 2842 hilari.
545 2784 664 2843 Interim
685 2803 701 2842 e
720 2784 850 2843 Vesuvio
871 2793 972 2842 monte
992 2785 1122 2860 pluribus

121 2884 152 2940 in
186 2882 259 2940 locis
293 2883 447 2941 latissimae
477 2883 612 2942 flammae
640 2884 755 2960 altaque
783 2883 918 2942 incendia
945 2885 1121 2956 relucebant,

121 2999 248 3058 quorum
270 2980 364 3058 fulgor
389 2991 416 3040 et
439 2983 551 3042 claritas
575 2984 699 3043 tenebris
722 2983 816 3042 noctis
841 2983 1026 3042 excitabatur.
1068 2984 1121 3042 ille

82 3103 110 3151 55
121 3081 278 3158 agrestium
302 3083 493 3160 trepidatione
518 3084 601 3159 ignes
624 3083 739 3141 relictos
762 3083 947 3157 desertasque
966 3083 1045 3140 villas
1070 3103 1123 3159 per

121 3181 308 3240 solitudinem
322 3183 422 3242 ardere
440 3183 470 3239 in
489 3181 650 3241 remedium
665 3181 825 3240 formidinis
845 3180 997 3239 dictitabat.
1041 3181 1121 3240 Tum

121 3299 152 3339 se
178 3281 267 3356 quieti
289 3281 367 3339 dedit
389 3291 418 3340 et
440 3283 547 3357 quievit
567 3281 716 3340 verissimo
742 3280 860 3356 quidem
883 3298 998 3338 somno.
1042 3279 1121 3340 Nam

120 3391 235 3439 meatus
269 3382 392 3450 animae,
427 3383 476 3457 qui
510 3381 549 3439 illi
584 3390 700 3456 propter
738 3380 957 3454 amplitudinem
992 3381 1120 3455 corporis

119 3481 235 3556 gravior
263 3489 291 3538 et
316 3481 465 3538 sonantior
488 3488 556 3551 erat,
582 3481 619 3537 ab
643 3480 677 3538 iis
702 3480 751 3557 qui
775 3481 866 3538 limini
892 3480 1120 3540 obversabantur

79 3591 110 3640 60
119 3580 297 3639 audiebatur.
340 3578 398 3638 Sed
413 3597 478 3637 area
492 3599 528 3638 ex
547 3599 606 3658 qua
625 3580 719 3640 diaeta
740 3581 871 3641 adibatur
891 3581 931 3640 ita
951 3582 1008 3639 iam
1023 3581 1120 3639 cinere
