2636 3980
177 203 219 263 42
445 197 468 245 A
494 198 694 247 SELEOTION
711 198 816 247 FROM
837 197 908 272 ΊᾞΕ

178 375 233 416 nec
248 367 291 416 est
305 357 385 434 quod
399 359 553 435 quisquam
567 360 660 436 possit
674 377 738 417 esse
753 376 878 428 securus,
895 357 963 434 quia
984 358 1020 416 sit
1038 356 1176 416 remissus
1188 383 1221 418 20

178 465 207 514 et
228 456 321 528 mitis;
351 457 504 515 nonenim
524 458 632 516 iudicio
652 457 771 528 domini,
787 457 839 514 sed
859 455 967 515 scelere
988 456 1177 531 perimuntur.

179 553 291 612 Verum
310 553 383 614 haec
402 554 551 613 hactenus.
594 554 673 626 Quid
692 563 841 630 praeterea
855 555 943 613 novi?
974 555 1062 630 quid?
1088 554 1175 626 nihil;

179 652 286 730 alioqui
301 653 523 728 subiungerem:
553 673 622 712 narn
642 663 671 711 et
686 651 784 712 charta
804 652 898 712 adhuc
919 665 1058 729 superest,
1073 663 1102 712 et
1116 653 1178 712 dies

180 751 296 810 feriatus
318 751 423 827 patitur
445 750 527 827 plura
548 755 672 811 contexi.
713 751 831 809 Addam
853 752 933 827 quod
954 764 1119 828 opportune
1141 752 1178 810 de

180 850 284 909 eodem
320 849 484 909 Macedone
520 850 665 909 succurrit.
730 848 807 907 Cum
841 850 871 908 in
906 851 1024 927 publico
1062 850 1221 926 Romae25

179 950 327 1022 lavaretur,
350 951 484 1008 notabilis
509 961 595 1027 atque
620 952 715 1022 etiarn,
742 959 774 1008 ut
796 950 890 1009 exitus
915 951 1021 1021 docuit,
1043 952 1179 1009 ominosa

180 1058 226 1107 res
240 1049 352 1107 accidit.
393 1047 492 1124 Eques
508 1049 660 1108 Romanus
674 1067 692 1107 a
706 1067 789 1107 servo
808 1049 870 1107 eius
888 1057 919 1105 ut
933 1049 1083 1108 transitum
1098 1048 1179 1108 daret

98 1181 102 1190 -
181 1166 271 1207 manu
284 1148 382 1207 leviter
396 1148 562 1207 admonitus
582 1151 720 1208 convertit
742 1167 773 1208 se
793 1167 847 1207 nec
867 1167 990 1220 servum,
1006 1167 1023 1206 a
1044 1166 1103 1224 quo
1119 1157 1179 1206 erat

182 1257 283 1318 tactus,
299 1246 350 1306 sed
364 1247 460 1322 ipsum
480 1246 677 1305 Macedonem
693 1258 752 1305 tam
774 1247 897 1324 graviter
918 1247 1015 1323 palrna
1029 1247 1179 1322 percussit,

182 1356 214 1405 ut
236 1364 329 1423 paene
352 1346 525 1404 concideret.
578 1344 623 1404 lta
647 1346 794 1404 balineum
819 1345 859 1404 illi
888 1347 970 1422 quasi
995 1363 1047 1421 per
1072 1345 1180 1420 gradus
1191 1366 1224 1414 30
1300 1408 1301 1412 ,

182 1445 326 1521 quosdam
362 1445 489 1520 primum
524 1444 718 1504 contumeliae
745 1445 837 1517 locus,
866 1444 971 1504 deinde
1006 1445 1084 1504 exitii
1119 1443 1179 1503 suit.

183 1543 265 1650 Vqle.

508 1767 553 1821 31.
598 1760 728 1841 (BOOK
751 1783 778 1839 3.
803 1760 913 1853 mlq.

214 1911 254 1959 To
271 1925 346 1974 prove
361 1908 415 1958 that
430 1908 472 1958 the
489 1908 554 1957 farne
565 1909 596 1958 ol
608 1911 683 1959 noble
699 1919 751 1961 acts
767 1911 788 1960 is
804 1918 848 1960 not
862 1910 1012 1960 determined
1023 1912 1056 1974 by
1067 1909 1110 1959 the
1125 1925 1182 1974 pro-

182 1993 281 2058 portion
292 1992 322 2042 ol
334 1993 397 2041 their
408 1993 496 2048 worth,
508 1993 580 2055 Pliny
591 1993 678 2042 relates
691 1994 811 2043 instances
827 1994 858 2042 os
866 1993 958 2043 Arria's
974 1993 1097 2051 fortitude,
1110 1993 1182 2042 alsec-

183 2075 242 2133 tion,
261 2075 310 2123 and
326 2081 390 2123 stem
407 2075 549 2132 resolution,
566 2074 602 2123 all
617 2074 646 2124 of
660 2076 740 2124 which
756 2076 788 2124 he
805 2075 928 2124 considers
945 2076 1049 2140 grander
1064 2075 1125 2124 than
1137 2074 1182 2124 her

182 2172 288 2221 purpose
299 2157 325 2206 in
337 2157 420 2207 death.

480 2296 504 2336 C.
527 2296 638 2336 PLINlUS
658 2295 764 2336 NEPOTI
785 2296 839 2337 SUO
860 2297 882 2338 S·

223 2428 389 2486 Adnotasse
412 2426 512 2485 videor
538 2426 613 2484 lacta
641 2427 783 2516 dictaque„
801 2429 926 2487 viromm
949 2429 1182 2504 seminammque

142 2583 144 2590 Α
183 2527 238 2585 alia
262 2527 383 2585 clariora
403 2543 467 2583 esse
490 2525 544 2583 alia
564 2526 683 2584 maiora.
727 2517 906 2585 Corilirmata
927 2537 970 2586 est
990 2529 1093 2604 opinio
1114 2545 1183 2585 mea

183 2625 318 2683 hesterno
339 2624 468 2682 Fanniae
490 2641 633 2682 sermone.
676 2623 781 2700 Neptis
801 2625 873 2684 haec
887 2627 988 2684 Arriae
1010 2627 1084 2685 illius
1105 2644 1182 2701 quae

183 2720 286 2776 marito
301 2727 330 2776 et
344 2719 485 2778 solacium
503 2719 605 2776 mortis
627 2727 655 2776 et
670 2720 836 2794 exemplum
856 2719 917 2779 fuit.
960 2720 1055 2779 Multa
1076 2719 1182 2778 resere-

183 2818 234 2875 bat
257 2817 335 2875 aviae
356 2835 425 2876 suae
447 2835 508 2875 non
528 2817 641 2874 minora
661 2816 727 2886 hoe,
743 2818 795 2876 sed
816 2819 1001 2889 obscuriora3
1036 2836 1111 2894 quae
1130 2818 1209 2892 tibi5

184 2917 318 2974 existimo
353 2924 413 2973 tam
441 2915 581 2973 mirabilia
608 2915 714 2990 legenti
742 2915 812 2981 lore,
841 2935 929 2993 quarn
956 2917 1026 2974 mihi
1055 2916 1184 2976 audienti

183 3012 306 3072 luerunt.
349 3014 527 3090 Aegrotabat
550 3013 678 3072 Caecina
704 3013 819 3087 Paetus,
844 3016 962 3074 maritus
985 3016 1055 3085 eius,
1079 3033 1183 3090 aegro·

184 3115 263 3174 tabat
277 3123 305 3172 et
319 3113 400 3184 filius,
416 3123 535 3189 uterque
549 3112 704 3184 mortifere,
718 3123 749 3171 ut
764 3115 932 3173 videbatur:
963 3115 1037 3173 filius
1057 3115 1184 3173 decessit

184 3214 289 3273 eximia
316 3212 535 3288 pulchritudine,
564 3213 626 3289 pari
654 3214 835 3284 verecundia,
865 3223 894 3271 et
927 3213 1092 3289 parentibus
1120 3230 1184 3270 non

184 3313 279 3370 minus
300 3312 339 3369 ob
360 3310 416 3368 alia
436 3329 527 3382 carus,
550 3329 638 3387 quam
658 3311 741 3387 quod
762 3311 923 3371 filiuserat.
976 3311 1054 3370 Huic
1074 3311 1122 3368 illa
1142 3311 1184 3370 ita
1196 3329 1229 3366 ιο

184 3410 271 3468 sunus
286 3409 403 3486 paravit,
418 3408 458 3465 ita
475 3409 556 3467 duxit
575 3410 722 3486 exequias,
737 3419 770 3466 ut
788 3410 934 3484 ignoraret
948 3411 1084 3468 maritus:
1110 3410 1184 3486 quin

184 3508 286 3579 imme,
300 3509 435 3584 quotiens
456 3507 621 3565 cubiculum
642 3509 703 3566 eius
725 3508 850 3578 intraret,
871 3509 962 3567 vivere
984 3508 1073 3567 filiurn
1094 3519 1183 3584 atque

186 3606 272 3664 etiam
286 3606 518 3666 commodiorem
531 3623 595 3666 esse
615 3606 767 3665 simulabat
786 3624 820 3666 ac
842 3625 982 3684 persaepe
996 3607 1184 3682 interroganti
