2626 3976
171 202 329 252 LETTERS
353 205 397 252 OF
420 205 446 254 C.
462 203 610 250 PLINIUS
630 200 818 249 CAECILIUS
839 199 1031 248 SECUNDUS.
1067 197 1127 266 105

486 461 538 514 ss.
581 452 705 534 (Tum.
731 452 769 531 1.)

220 595 291 659 Pliny
303 594 486 659 congratulates
498 591 589 655 Trajan
602 608 634 640 on
645 591 684 640 his
695 590 832 640 succession
843 595 870 639 to
883 590 925 639 the
937 589 1037 653 empire.

372 739 396 780 C·
419 737 531 778 PLINIUS
553 735 682 778 TRAIANO
704 733 890 776 IMPERATORI.

171 859 238 919 Tua
266 861 384 936 quidem
407 860 508 937 pietas,
530 860 687 937 imperator
710 857 900 929 sanctissime,
925 866 1075 934 optaverat
1098 867 1129 915 ut

130 977 219 1034 quam
233 959 395 1017 tardissime
415 959 585 1018 succederes
604 958 685 1034 patri.
730 955 789 1014 Sed
810 955 839 1013 di
861 955 1037 1014 immortales
1053 956 1129 1014 festi-

130 1067 270 1116 naverunt
291 1059 408 1116 virtutes
431 1068 494 1116 tuas
519 1059 557 1117 ad
581 1055 779 1133 gubernacula
806 1055 847 1111 rei
874 1055 1016 1130 publicae,
1042 1074 1130 1131 quam

130 1175 307 1232 susceperas,
322 1157 486 1216 admovere.
528 1156 636 1215 Precor
654 1173 725 1230 ergo
747 1164 779 1212 ut
799 1153 850 1211 tibi
869 1163 898 1211 et
916 1172 969 1229 per
988 1165 1016 1212 te
1030 1157 1130 1230 generi

102 1255 260 1314 thumano
280 1273 422 1332 prospera
442 1255 551 1326 omnia,
572 1255 603 1313 id
623 1265 667 1313 est
688 1254 777 1329 digna
798 1252 914 1311 saeculo
936 1261 996 1324 tuo,
1016 1255 1130 1311 contin·

130 1365 211 1432 gant.
252 1355 369 1414 Fortem
391 1364 420 1415 te
441 1365 470 1414 et
490 1355 619 1427 hilarem,
639 1355 795 1430 imperator
816 1352 933 1429 optime,
949 1362 978 1411 et
998 1354 1130 1430 privatim

131 1465 160 1513 et
174 1455 290 1532 publice
304 1464 384 1530 opto.

490 1641 542 1694 86.
585 1631 708 1715 (TRAI.
734 1631 774 1710 a.)

164 1775 237 1838 Pliny
247 1773 339 1823 thanlrs
350 1771 442 1836 Trajan
453 1773 491 1821 for
501 1772 595 1836 having
605 1771 709 1836 granted
721 1777 748 1820 to
763 1770 816 1818 him
829 1770 962 1834 (although
973 1770 1098 1832 ehildless)

405 1855 447 1905 the
458 1854 537 1919 rights
548 1855 577 1903 of
584 1870 600 1902 a
611 1854 692 1904 father
702 1853 733 1901 of
740 1869 755 1902 a
766 1852 860 1916 family.

375 2001 399 2042 C.
421 2000 531 2041 PLINIUS
552 1999 681 2040 TRAIANO
701 1998 888 2040 IMPERATORI.

173 2125 354 2203 Exprimere,
383 2124 512 2194 domine,
537 2123 630 2181 verbis
659 2140 721 2181 non
748 2141 871 2199 possum
896 2133 1037 2201 quantum
1062 2123 1134 2181 mihi

134 2224 273 2301 gaudium
288 2223 424 2294 attuleriS,
438 2223 519 2301 quod
532 2241 580 2280 me
598 2221 721 2298 dignum
742 2222 849 2298 putasti
870 2223 930 2281 iure
948 2224 1033 2281 trium
1049 2223 1132 2280 liber-

133 2341 226 2382 orum.
282 2322 424 2394 Quamvis
457 2322 536 2379 enim
565 2320 620 2379 Iuli
649 2319 786 2392 Serviani,
815 2322 917 2397 optimi
952 2322 1002 2379 viri
1034 2322 1133 2398 tuique

134 2422 332 2491 amantissimi,
356 2421 491 2497 precibus
515 2419 676 2490 indulseris,
700 2429 797 2477 tamen
821 2420 908 2477 etiam
933 2439 969 2478 ex
992 2421 1132 2494 rescripto

106 2521 271 2596 5intellego
299 2519 432 2577 libentius
467 2518 524 2577 hoc
559 2520 585 2576 ei
619 2528 648 2576 te
682 2518 865 2593 praestitisse,
893 2519 962 2595 quia
995 2535 1049 2593 pro
1085 2535 1132 2574 me

134 2620 264 2696 rogabat.
307 2617 417 2675 Videor
438 2636 509 2694 ergo
533 2634 678 2675 summam
698 2617 757 2673 voti
779 2617 837 2674 mei
862 2625 1043 2686 consecutus
1065 2632 1132 2673 eum

134 2721 208 2776 inter
222 2717 302 2775 initia
316 2716 471 2774 felicissimi
491 2715 667 2793 principatus
686 2714 727 2772 tui
746 2714 911 2790 probaveris
930 2733 979 2772 me
993 2714 1029 2772 ad
1044 2732 1133 2790 pecu-

134 2817 233 2874 liarem
262 2814 471 2889 indulgentiam
486 2823 579 2872 -tuam
601 2813 760 2889 pertinere3
793 2831 887 2889 eoque
909 2813 1003 2888 magis
1028 2813 1133 2871 liberos

134 2917 322 2992 concupisco,
339 2933 413 2991 quos
433 2913 537 2971 habere
557 2913 645 2972 etiam
664 2912 712 2970 illo
734 2913 896 2970 tristissimo
918 2912 1033 2970 saeculo
1047 2913 1132 2982 volui,

105 3016 207 3074 osieut
236 3025 319 3091 potes
354 3015 468 3072 duobus
502 3013 694 3071 matrimoniis
728 3011 802 3069 meis
836 3011 961 3070 eredere.
1017 3012 1076 3070 Sed
1105 3013 1134 3069 di

133 3115 246 3185 melius,
262 3114 311 3189 qui
332 3113 431 3171 omnia
451 3113 565 3187 integra
584 3111 706 3170 bonitati
727 3119 793 3168 tuae
814 3119 1011 3168 reservarunt:
1041 3099 1133 3167 malu-

135 3223 219 3272 erunt
234 3212 290 3271 hoc
305 3213 401 3288 potius
416 3220 547 3288 tempore
563 3229 610 3269 me
626 3219 738 3286 patrem
753 3209 822 3282 fieri,
838 3228 896 3286 quo
912 3210 1022 3268 futurus
1036 3226 1132 3267 essem

135 3322 163 3370 et
178 3329 296 3370 securus
311 3319 338 3368 et
353 3310 429 3369 felix.
