2636 3980
162 167 205 247 64
431 182 453 228 A
479 183 677 232 srrrorrorr
697 183 798 232 raon
821 181 891 229 rur

162 341 281 400 doloris.
336 339 364 400 O
397 341 474 401 triste
503 343 590 418 plane
622 346 818 420 acerbumque
848 343 952 402 funusl
1006 341 1033 401 O
1069 348 1164 399 morte

163 440 227 517 ipsa
249 439 350 520 mortis
372 449 487 517 tempus
508 443 670 519 indignius!
713 443 778 501 Iam
799 443 942 502 destinata
960 424 1023 501 'erat
1043 440 1164 516 egregio

163 538 267 610 iuveni,
289 541 347 599 iam
369 542 478 602 electus
500 544 665 620 nuptiarum
687 542 756 613 dies
771 543 829 600 iam
851 559 906 599 nos
927 540 1029 600 vocati.
1073 537 1166 611 Quod

163 639 303 712 gaudium
332 661 392 718 quo
415 661 545 702 maerore
575 653 718 700 mutatum
743 643 803 700 esti
860 640 931 699 Non
955 657 1077 716 possum
1112 656 1164 694 ex·
1179 657 1214 691 20

164 737 288 811 primere
323 741 425 812 verbis,
455 751 596 818 quantum
630 741 729 799 animo
758 741 862 799 vulnus
893 739 1063 815 acceperim,
1095 753 1165 795 cum

164 836 260 903 audivi
281 838 484 907 Fundanum'
462 859 582 942 1psum,
603 850 635 897 ut
658 840 749 898 multa
772 840 905 897 luctuosa
934 837 1018 896 dolor
1046 835 1164 903 invenit,

166 906 400 1013 pfad'cfpfedfenl,
430 928 548 1015 quod
542 957 571 996 ru
602 950 696 997 vestes
727 938 881 1013 margarita
910 953 1043 1013 gemmas
1072 933 1167 991 fuerat

166 1043 345 1110 erogaturus,
360 1037 446 1096 hoc
439 1057 468 1094 ιιι
491 1048 536 1133 qus
558 1049 591 1097 et
607 1047 757 1128 tinguente
778 1045 808 1094 et
830 1037 936 1094 odores
950 1032 1164 1110 inpenderetur.

167 1131 221 1192 Est
244 1135 362 1210 quidem
391 1105 657 1195 ἰΗεἝιιιδῖιῗιὲ
615 1147 644 1195 et
668 1137 793 1212 sapiens,
814 1145 846 1193 ut
867 1135 916 1210 qui
938 1153 969 1192 se
990 1134 1027 1191 ab
1048 1134 1167 1190 ineunte
1181 1149 1213 1198 ²5

166 1242 259 1292 aetate
288 1235 435 1294 altioribus
464 1235 564 1294 studiis
599 1236 765 1311 artibusque
800 1234 959 1298 dediderit.
959 1229 1054 1327 &d
1085 1248 1167 1288 nuuc

168 1332 268 1390 omnia
288 1352 364 1409 quae
385 1334 475 1392 audiit
496 1353 593 1410 saepe,
608 1352 684 1410 quae
699 1334 770 1392 dixit
791 1343 959 1409 aspernatur
980 1330 1168 1408 expulsisque

169 1431 318 1490 virtutibus
333 1433 395 1490 aliis
410 1434 524 1508 pietatis
539 1443 581 1492 est
597 1444 683 1492 totus.
726 1433 875 1509 IgnosceS,
887 1432 1017 1490 laudabis
1032 1431 1127 1500 etiam,
1144 1427 1169 1487 si

84 1605 93 1618 .
170 1530 340 1605 cogitaveris
353 1531 424 1605 quid
439 1532 571 1590 amiserit
608 1532 714 1589 Amisit
725 1532 802 1589 enim
814 1531 988 1604 filiam-quae
999 1547 1060 1586 non
1070 1527 1168 1584 minus

170 1615 266 1686 mores
287 1628 349 1687 eius
371 1646 459 1703 quam
482 1647 516 1688 os
536 1630 704 1706 voltumque
721 1629 862 1689 referebat
883 1639 1035 1703 totumque
1056 1637 1169 1704 patrem
1182 1640 1215 1687 30

170 1728 243 1786 mira
267 1719 673 1806 similitudineexscripserat.
715 1728 842 1787 Proinde
863 1728 961 1802 siquas
982 1725 1019 1785 ad
1040 1743 1108 1783 eum
1133 1723 1172 1782 de

171 1827 271 1886 dolore
287 1839 347 1887 tam
361 1829 437 1887 iusto
452 1828 560 1888 litteras
579 1830 683 1900 mittes,
699 1837 848 1888 memento
868 1827 1005 1887 adhibere
1020 1826 1171 1900 solacium,

171 1945 233 1986 non
244 1927 326 2003 quasi
337 1928 551 2005 castigatorium
562 1939 591 1987 et
602 1929 688 1987 nimis
701 1927 783 2000 forte,
795 1927 846 1986 sed
857 1927 945 1984 molle
960 1931 991 1984 et
1001 1925 1172 1987 humanum.

172 2025 263 2098 Quod
290 2035 322 2084 ut
351 2024 460 2084 facilius
489 2027 621 2087 admittat
655 2027 777 2084 multum
806 2025 888 2083 faciet
915 2023 1004 2082 medii
1031 2025 1173 2100 temporis

172 2123 307 2199 spatium.
348 2122 390 2181 Ut
404 2125 483 2182 euim
498 2125 621 2183 crudum
641 2125 736 2183 adhuc
751 2124 853 2182 vulnus
872 2122 1052 2181 medentium
1065 2141 1172 2181 manus
1185 2131 1215 2180 35

172 2221 346 2293 reformidat,
372 2222 478 2281 deinde
502 2223 608 2299 patitur
632 2233 719 2302 atque
746 2223 822 2282 ultro
847 2223 973 2300 requirit,
999 2221 1041 2280 sic
1069 2239 1173 2279 recens

174 2320 263 2378 animi
277 2321 361 2380 dolor
376 2322 591 2381 consolationes
609 2323 691 2381 reicit
711 2341 746 2380 ac
767 2322 881 2398 refugit,
895 2339 966 2380 mox
985 2319 1130 2379 desiderat
1144 2329 1174 2378 et

174 2419 330 2478 clementer
344 2419 469 2479 admotis
482 2421 650 2496 adquiescit.
692 2421 775 2479 Vale.

424 2597 465 2681 A,
492 2605 546 2658 ao.
590 2573 719 2679 (Boou
743 2615 768 2674 5.
794 2597 853 2676 ψ.)

209 2711 280 2774 Pliny
291 2710 349 2760 aslis
362 2712 479 2760 Paulinus
491 2717 518 2761 to
530 2713 604 2762 allow
616 2713 659 2762 the
671 2730 712 2763 use
724 2713 753 2762 of
762 2713 801 2762 his
812 2713 871 2763 villa
882 2720 908 2762 at
920 2715 1013 2762 Forum
1025 2712 1085 2777 Julii
1098 2719 1124 2762 to
1136 2712 1175 2762 his

310 2794 434 2844 freedman
448 2795 569 2855 Zosimus,
581 2796 638 2845 who
650 2797 671 2845 is
682 2797 759 2862 going
771 2798 838 2847 there
849 2797 887 2846 for
898 2797 937 2846 his
948 2797 1041 2851 health.

465 2916 489 2956 C.
513 2915 625 2956 PLINIUS
645 2917 772 2958 PAULINO
793 2918 846 2958 SUO
867 2917 890 2959 S.

218 3011 314 3070 Video
328 3031 416 3088 quam
432 3014 556 3072 molliter
575 3023 642 3072 tuos
661 3015 777 3086 habeas,
794 3033 853 3091 quo
868 2997 1026 3090 simplicius
1041 3015 1092 3073 tibi
1106 3033 1177 3074 eon-

176 3112 280 3171 fitebor
300 3131 358 3188 qua
378 3112 556 3189 indulgentia
572 3131 655 3172 meos
676 3123 804 3173 tractem.
847 3114 900 3172 Est
920 3114 992 3171 mihi
1011 3131 1127 3189 semper
1146 3114 1178 3171 in

177 3211 277 3269 animo
292 3221 321 3269 et
336 3210 528 3271 Homericum
547 3213 617 3272 illud
635 3216 718 3288 πατὴρ
737 3216 758 3270 δ’
774 3218 808 3273 be
826 3219 900 3286 ἤπιος
919 3214 962 3284 ἦεν
983 3223 1013 3272 et
1031 3213 1089 3272 hoc
1108 3230 1177 3271 nos·

178 3319 254 3367 trum
278 3313 377 3388 ‘pater
400 3310 542 3370 familiae'
586 3311 677 3384 Quod
701 3313 724 3372 si
750 3332 846 3372 essem
868 3321 971 3371 natura
995 3312 1126 3388 asperior
1149 3321 1180 3369 et

178 3407 284 3480 durior,
301 3409 445 3486 frangeret
464 3427 511 3467 me
531 3419 630 3468 tamen
649 3411 800 3470 infirmitas
819 3412 911 3469 liberti
926 3411 983 3469 mei
998 3411 1116 3481 Zosimi,
1132 3411 1205 3477 cuis

180 3513 261 3564 tanto
276 3509 368 3570 maior
382 3509 546 3568 humanitas
561 3510 726 3568 exhibenda
741 3519 792 3580 est,
808 3517 919 3585 quanto
931 3527 1009 3567 nunc
1024 3509 1072 3566 illa
1085 3507 1180 3584 magis

182 3613 256 3677 eget.
298 3607 400 3667 Homo
416 3608 525 3686 probus
540 3607 686 3667 officiosus
700 3608 856 3680 litteratus3
882 3617 910 3666 et
925 3626 970 3666 ars
985 3607 1104 3683 quidem
1118 3606 1180 3665 eius
