2636 3980
198 183 216 228 2
457 177 479 225 A
504 176 703 226 SELECTION
722 172 826 222 FROM
848 171 918 220 THE

198 338 408 399 consuetudine
429 349 478 398 tua
496 351 524 400 et
541 338 622 417 legas
642 346 671 397 et
690 335 838 406 emendes,
854 351 890 393 eo
911 332 1013 409 magis,
1028 331 1109 408 quod
1128 331 1197 390 nihil

197 455 339 517 umquam
358 456 503 516 peraeque
518 440 623 498 eodem
644 440 710 515 ζήλῳ
728 436 878 512 scripsisse
892 433 999 491 videor.
1043 431 1197 507 Temptavi

200 539 279 596 enim
309 537 413 598 imitari
440 537 662 598 Demosthenen
691 554 806 613 semper
834 545 923 603 tuum,
954 530 1074 590 Calvum
1106 543 1225 606 nuper5

198 653 307 710 meum,
319 637 469 697 dumtaxat
480 639 578 715 figuris
589 637 746 716 orationis:
765 652 835 693 nam
847 634 905 692 vim
916 641 1060 690 tantorum
1072 630 1198 687 virorum

200 737 304 812 ‘pauci
323 755 398 814 quos
417 756 527 814 aequus
547 735 669 796 amavit’
685 735 807 812 adsequi
826 739 957 810 possunt
1001 729 1065 789 Nec
1080 728 1199 786 materia

198 835 264 912 ipsa
283 835 359 907 huic,
374 855 474 896 vereor
491 855 528 895 ne
547 836 668 912 inprobe
686 835 790 904 dicam,
810 829 994 891 aemulationi
1012 827 1198 904 repugnavit:

201 943 262 990 erat
289 934 367 992 enim
392 953 483 1012 prope
508 944 569 993 tota
596 934 627 991 in
652 932 840 992 contentione
867 926 990 987 dicendi.
1033 923 1123 998 Quod
1150 943 1198 983 me

198 1031 305 1108 longae
330 1032 457 1091 desidiae
485 1032 711 1091 indormientem
739 1029 879 1098 excitavit,
909 1027 933 1083 si
961 1024 1053 1083 modo
1081 1026 1106 1083 is
1134 1043 1199 1083 sum
1214 1040 1244 1074 10

201 1148 258 1205 ego
276 1131 325 1204 qui
346 1132 464 1190 excitari
485 1133 604 1208 possim.
649 1131 719 1189 Non
739 1139 838 1188 tamen
857 1123 979 1183 omnino
998 1122 1090 1182 Marci
1109 1124 1199 1182 nostri

200 1229 325 1299 ληκύθους
355 1229 491 1306 fugimus,
523 1231 657 1307 quotiens
689 1229 808 1308 paulurn
840 1224 940 1282 itinere
970 1223 1110 1280 decedere
1139 1240 1200 1280 non

202 1327 409 1404 intempestivis
428 1329 650 1388 amoenitatibus
668 1327 916 1387 admonebamur:
938 1340 1018 1380 acres
1033 1322 1113 1380 enim
1127 1339 1198 1389 esse,

202 1443 264 1484 non
288 1426 382 1485 tristes
403 1426 579 1485 volebamus.
623 1425 688 1485 Nec
712 1436 755 1485 est
780 1423 861 1501 quod
885 1431 969 1498 putes
994 1410 1042 1479 me
1067 1420 1121 1478 sub
1145 1419 1199 1478 hac

202 1524 375 1601 exceptione
400 1526 515 1584 veniam
540 1525 696 1601 postulare.
738 1523 818 1582 Nam
846 1538 905 1598 quo
930 1519 1024 1595 magis
1051 1517 1200 1576 intendam
1215 1534 1244 1584 15

202 1621 303 1680 limam
326 1633 415 1694 tuam,
439 1603 601 1681 confitebor
621 1634 649 1682 et
674 1623 770 1699 ipsum
794 1627 894 1678 meet
919 1617 1139 1677 contubernales
1163 1618 1200 1675 ab

204 1719 330 1778 editione
355 1737 416 1779 non
440 1720 603 1792 abhorrere,
627 1721 651 1779 si
675 1720 766 1779 modo
791 1728 822 1776 tu
847 1717 967 1775 fortasse
988 1717 1075 1774 errori
1099 1726 1200 1774 nostro

204 1818 303 1877 album
317 1817 460 1878 calculum
474 1819 620 1878 adieceris
663 1817 718 1878 Est
731 1818 808 1877 enim
823 1816 909 1893 plane
924 1814 1031 1891 aliquid
1045 1814 1201 1886 edendum,

203 1926 290 1992 atque
314 1917 425 1975 utinam
453 1917 511 1975 hoc
539 1918 723 1994 potissimum
751 1907 837 1994 quod
859 1923 991 1990 paratum
1016 1916 1076 1972 est!
1105 1912 1201 1993 (audis

204 2013 332 2074 desidiae
366 2013 500 2091 votuml)
537 2016 684 2075 edendum
722 2026 819 2074 autem
857 2031 894 2072 ex
933 2010 1061 2089 pluribus
1096 2013 1201 2083 causis,
1218 2032 1248 2066 πο

203 2113 332 2170 maxime
356 2113 435 2189 quod
463 2113 551 2170 libelli
575 2132 651 2189 quos
675 2113 823 2171 emisimus
848 2111 982 2169 dicuntur
1009 2111 1039 2167 in
1067 2112 1201 2169 manibus

203 2229 277 2281 esse,
301 2210 431 2286 quamvis
456 2211 514 2269 iam
538 2211 659 2286 gratiam
684 2210 818 2269 novitatis
844 2209 974 2267 exuerint
986 2228 994 2281 ;
1025 2209 1080 2267 nisi
1104 2219 1202 2269 tamen

204 2309 321 2366 auribus
346 2308 451 2367 nostris
475 2309 651 2385 bibliopolae
675 2309 870 2368 blandiuntur.
912 2306 970 2365 Sed
996 2326 1066 2366 sane
1090 2308 1203 2367 blandi-

205 2418 298 2477 antur,
320 2406 391 2464 dum
415 2424 467 2481 per
487 2407 544 2466 hoc
568 2407 754 2466 mendacium
777 2407 863 2466 nobis
884 2405 978 2466 studia
1002 2415 1101 2466 nostra
1122 2425 1203 2466 com-

205 2505 354 2564 mendent.
397 2502 478 2564 Vale.

549 2717 579 2774 8.
622 2712 752 2792 (BOOK
777 2733 801 2772 1.
825 2710 866 2791 3.)

216 2867 287 2933 Pliny
298 2864 410 2917 counsels
422 2867 540 2918 Caninius
551 2876 578 2918 to
591 2869 690 2934 employ
701 2869 739 2918 his
749 2867 883 2934 delightlul
894 2869 1034 2919 retirement
1047 2875 1073 2918 at
1085 2869 1193 2920 Cornum

610 2951 635 3000 in
647 2951 801 3016 authorship.

451 3087 476 3127 C·
497 3087 609 3128 PLINIUS
630 3088 747 3129 cantulo
769 3087 846 3130 RUFO
867 3088 921 3129 SUO
942 3088 964 3129 S.

251 3193 332 3266 Quid
352 3195 412 3271 agit
429 3194 565 3266 Comum,
584 3207 649 3254 tuae
671 3213 812 3273 meaeque
830 3198 969 3256 deliciae?
994 3200 1064 3276 quid
1085 3199 1207 3258 suburb-

210 3313 299 3354 anum
314 3291 571 3358 amoenissimum?
593 3295 663 3371 quid
677 3295 725 3354 illa
737 3297 865 3371 porticus
879 3315 967 3355 verna
982 3295 1115 3372 semper?
1136 3298 1208 3374 quid
1305 3315 1306 3363 t

210 3393 349 3469 platanon
373 3393 586 3467 opacissimus?
618 3395 688 3470 quid
716 3393 833 3471 euripus
857 3395 954 3454 viridis
979 3407 1007 3454 et
1034 3398 1207 3472 gemmeus?

211 3490 282 3567 quid
301 3491 446 3550 subiectus
466 3499 494 3551 et
513 3493 639 3551 serviens
659 3493 759 3552 lacus?
788 3493 858 3570 quid
878 3493 926 3552 illa
947 3494 1042 3553 mollis
1061 3504 1090 3552 et
1108 3504 1208 3554 tamen
1304 3569 1305 3574 η

210 3589 304 3652 solida
331 3590 475 3666 gestatio?
512 3591 581 3670 quid
608 3591 755 3652 balineum
782 3591 862 3666 illud,
891 3593 971 3672 quod
998 3593 1138 3674 plurimus
1164 3595 1237 3656 sols
1304 3583 1305 3656 i
