2626 3976
187 157 227 218 80
455 171 478 217 A
503 171 703 220 saracrrou
722 174 825 221 anon
847 172 915 220 rna
1008 223 1023 238 ,,
1049 211 1051 222 .

509 418 560 471 63.
603 411 733 491 (BOOK
756 415 781 472 6.
806 412 866 492 34.)

220 544 291 608 Pliny
307 559 429 609 approves
445 543 475 591 of
488 542 621 594 Maximus’
638 544 744 594 conduct
762 545 787 592 in
807 545 926 608 acceding
943 552 969 594 to
987 545 1029 594 the
1045 551 1142 608 request
1159 543 1193 591 os

187 627 285 676 Verona
304 628 357 675 that
374 627 405 676 he
422 626 506 676 would
524 627 644 676 celebrate
666 627 705 676 his
721 627 797 676 wife's
816 644 926 691 memory
942 629 976 691 by
993 644 1008 676 a
1025 626 1188 692 gladiatorial

187 710 330 760 exhibition.

479 813 504 854 C·
525 813 637 853 PLINIUS
658 815 773 856 MAXIMO
794 816 847 857 SUO
867 816 890 855 S.

231 930 322 988 Recte
337 929 429 988 fecisti
440 930 519 1005 quod
531 930 722 1005 gladiatorum
733 950 839 990 munus
848 931 1066 991 Veronensibus
1077 929 1187 988 nostris

187 1030 352 1105 promisisti,
374 1047 391 1086 a
413 1028 517 1104 quibus
538 1029 608 1087 olim
629 1031 743 1101 amaris,
765 1030 927 1106 suspiceris
949 1030 1068 1087 ornaris.
1111 1027 1186 1086 Inde

188 1130 273 1187 etiam
300 1145 422 1185 uxorem
451 1127 629 1186 carissimam
657 1129 707 1186 tibi
735 1115 763 1186 et
791 1128 1024 1204 probatissimam
1052 1126 1185 1197 habuisti,

187 1230 268 1286 cuius
296 1226 455 1284 memoriae
480 1235 528 1283 aut
553 1244 627 1301 opus
652 1226 770 1302 aliquod
795 1237 845 1285 aut
872 1227 1068 1302 spectaculum
1096 1235 1210 1300 atque5

187 1325 244 1385 hoc
263 1325 445 1401 potissimum
464 1325 544 1399 quod
560 1325 691 1384 ,maxime
710 1325 803 1383 funeri
825 1327 991 1384 debebatur.
1033 1323 1187 1382 Praeterea

114 1413 116 1418 ⁵
186 1433 267 1482 tanto
296 1440 442 1481 consensu
476 1424 632 1498 rogabatis,
661 1433 694 1480 ut
720 1443 826 1499 negare
861 1442 922 1482 non
957 1434 1102 1494 constans,
1132 1422 1188 1480 sed

188 1522 292 1579 durum
315 1521 462 1578 videretur.
506 1520 582 1579 Illud
606 1540 723 1597 quoque
749 1523 873 1598 egregie,
896 1523 976 1599 quod
999 1532 1059 1580 tam
1084 1520 1185 1590 facilis,

187 1628 248 1677 tam
272 1618 394 1676 liberalis
415 1619 446 1675 in
467 1619 581 1677 edendo
600 1617 683 1678 fuisti.
725 1619 804 1678 Nam
826 1639 879 1697 per
900 1621 972 1679 haec
994 1622 1080 1680 etiam
1103 1637 1187 1694 mag-

188 1736 244 1776 nus
266 1719 381 1776 anImus
404 1718 571 1777 ostenditur.
614 1717 726 1777 Vellem
750 1718 912 1792 Africanae,
937 1737 1010 1796 quas
1035 1736 1186 1778 coemeras
1199 1738 1233 1773 10

188 1816 333 1892 plurimas,
349 1816 387 1874 ad
405 1817 588 1893 praefinitum
608 1817 687 1876 diem
705 1818 916 1877 occurrissent:
939 1820 991 1878 sed
1009 1820 1076 1876 licet
1090 1834 1187 1875 cessa·

187 1917 279 1974 verint
300 1915 364 1974 illae
392 1924 563 1993 tempestate
591 1917 733 1987 detentae,
754 1927 785 1975 tu
809 1929 907 1975 tamen
929 1917 1057 1975 meruisti
1081 1925 1113 1973 ut
1136 1935 1189 1976 ac·

189 2023 306 2089 ceptum
329 2015 381 2072 tibi
403 2015 492 2087 fieret,
515 2015 595 2092 quod
617 2034 678 2091 quo
702 2016 799 2074 minus
822 2016 974 2074 exhiberes
997 2033 1057 2074 non
1079 2033 1132 2090 per
1155 2026 1187 2074 te

190 2112 273 2170 stetit.
315 2112 397 2171 Vale.

221 2461 292 2525 Pliny
304 2461 414 2526 explains
430 2468 456 2509 to
471 2461 580 2510 Fabatus
594 2461 636 2510 the
650 2462 800 2525 obligations
813 2462 843 2510 of
856 2461 989 2527 friendship
1000 2464 1081 2512 which
1096 2464 1189 2516 induce

188 2545 241 2592 him
250 2552 275 2593 to
285 2545 329 2593 sell
341 2552 368 2592 to
377 2544 492 2601 Corellia,
504 2552 530 2593 at
541 2561 573 2593 an
584 2543 731 2609 inadequate
743 2545 816 2609 price,
828 2545 870 2594 the
881 2546 951 2595 share
960 2546 1041 2596 which
1052 2547 1097 2598 has
1108 2547 1190 2612 lately

188 2629 250 2678 been
261 2628 305 2676 lest
316 2635 343 2676 to
354 2627 407 2676 him
419 2628 444 2675 in
456 2645 471 2676 a
483 2635 600 2693 property
611 2644 670 2677 near
681 2629 723 2677 the
735 2629 806 2692 Lago
818 2628 844 2676 di
856 2629 944 2679 Como.

498 2285 554 2388 aa.
583 2327 726 2408 'tnoox
749 2343 775 2404 ⁷-
800 2330 858 2409 11.)
1176 2329 1179 2335 ·

391 2764 416 2805 C.
437 2765 549 2804 PLINIUS
570 2764 684 2805 FABATO
705 2765 868 2806 PROSOCERO
890 2765 942 2806 SUO
963 2766 986 2806 S.

230 2877 344 2936 Miraris
366 2879 445 2955 quod
468 2879 604 2949 Hermes,
626 2879 744 2937 libertus
764 2897 856 2952 meus,
878 2880 1066 2940 hereditarios
1088 2900 1187 2958 agros

189 2995 264 3054 quos
292 2996 348 3054 ego
377 2979 514 3037 iusseram
539 2978 687 3055 proscribi,
713 2996 774 3036 non
798 2988 949 3054 expectata
971 2982 1105 3039 auctione
1131 3001 1188 3057 pro

189 3095 257 3135 meo
278 3078 442 3153 quincunce
463 3097 499 3137 ex
525 3078 714 3153 septingentis
735 3077 850 3136 milibus
872 3076 1014 3136 Corelliae
1035 3079 1188 3141 addixerit.

188 3176 289 3234 Adicis
311 3175 367 3234 hos
389 3178 544 3252 nongentis
567 3177 682 3235 milibus
703 3194 790 3251 posse
812 3177 908 3234 venire
929 3195 963 3234 ac
985 3187 1066 3237 tanto
1089 3182 1190 3255 magis

188 3275 311 3350 quaeris
335 3294 373 3333 an
398 3276 478 3350 quod
501 3277 591 3350 gessit
615 3284 709 3334 ratum
733 3293 853 3333 servem.
902 3275 969 3352 Ego
993 3295 1062 3336 vero
1084 3295 1214 3358 servo:5

189 3374 293 3449 quibus
315 3392 351 3431 ex
371 3374 474 3443 causis,
494 3374 604 3450 accipe.
647 3371 743 3449 Cupio
763 3374 840 3431 enim
861 3383 889 3432 et
910 3374 960 3432 tibi
979 3377 1135 3451 probatum
1158 3389 1189 3436 et

189 3471 380 3530 coheredibus
401 3472 474 3530 meis
494 3483 665 3531 excusatum
685 3489 759 3542 esse,
773 3473 853 3547 quod
875 3490 922 3531 me
945 3474 982 3531 ab
1002 3474 1056 3533 illis
1075 3476 1190 3537 maiore

189 3568 285 3628 officio
308 3571 424 3628 iubente
447 3589 575 3630 secerno.
621 3569 775 3629 Corelliam
799 3590 866 3630 cum
891 3590 1005 3631 summa
1028 3575 1190 3636 reverentia
