2636 3980
181 169 341 220 LETTERS
363 172 406 220 OF
428 172 457 222 G.
473 173 620 220 PLINIUS
642 171 829 220 CAECILIUS
851 172 1040 222 SECUNDUS.
1085 167 1126 239 25

129 327 294 391 Laudiceni.
335 330 375 390 Et
388 341 486 391 tamen
503 332 604 392 crescit
620 333 651 391 in
670 332 731 392 dies
750 331 872 392 foeditas
891 342 1012 411 utraque
1026 331 1125 408 lingua

128 439 236 490 notata.
278 431 358 490 Here
378 432 436 490 duo
457 431 688 491 nomenclatores
703 433 761 490 mei
776 430 896 512 (habent
910 450 980 492 sane
999 440 1123 491 aetatem

128 549 229 590 eorum
244 533 292 609 qui
306 551 398 609 nuper
412 543 496 608 togas
511 532 697 613 sumpserint)
711 534 800 592 ternis
814 532 938 592 denariis
952 531 990 590 ad
1004 531 1122 592 laudan-

129 629 199 689 dum
212 631 404 690 trahebantur.
447 631 536 690 Tanti
555 641 668 692 constat
688 641 721 690 ut
738 632 777 690 sis
798 631 1010 691 disertissimus.
1053 629 1122 689 Hoc

86 743 115 793 ²5
127 731 220 805 pretio
243 730 401 807 quamlibet
427 747 583 789 numerosa
607 730 741 789 subsellia
764 731 917 807 inplentur,
938 730 995 789 hoc
1019 730 1122 805 ingens

128 845 237 886 corona
262 828 410 903 colligitur,
435 827 493 886 hoc
513 827 615 886 infiniti
640 829 781 887 clamores
806 838 1032 900 commoventur,
1054 845 1122 887 cum

127 926 314 985 mesochorus
336 925 415 987 dedit
435 926 559 1002 signum.
603 924 687 1002 Opus
707 935 751 984 est
767 927 845 985 enim
865 927 948 1003 signo
968 925 1045 1004 apud
1059 944 1121 985 non

126 1023 334 1100 intellegentes,
349 1043 387 1084 ne
404 1024 553 1085 audientes
570 1026 706 1102 quidem:
729 1045 798 1084 nam
814 1026 942 1103 plerique
963 1044 1024 1084 non
1042 1026 1122 1085 audi·

126 1133 188 1196 unt,
208 1142 262 1182 nec
281 1123 331 1182 ulli
350 1123 443 1200 magis
461 1121 588 1183 laudant.
631 1123 781 1201 Siquando
802 1125 936 1183 transibis
957 1143 1009 1201 per
1025 1125 1120 1183 basili-

82 1245 115 1294 30
127 1239 192 1281 cam
209 1231 238 1280 et
251 1222 331 1280 voles
352 1223 424 1280 scire
445 1240 504 1298 quo
526 1221 616 1281 modo
637 1222 759 1299 quisque
779 1223 863 1295 dicat,
885 1223 954 1282 nihil
975 1232 1019 1282 est
1040 1222 1121 1299 quod

126 1320 249 1380 tribunal
270 1319 420 1393 ascendas,
442 1320 512 1378 nihil
533 1320 613 1397 quod
632 1322 771 1398 praebeas
793 1340 907 1394 aurem;
936 1321 1026 1380 facilis
1051 1320 1120 1379 divi-

125 1420 227 1478 natio:
257 1419 328 1478 scito
353 1437 420 1478 eum
447 1419 573 1496 pessime
601 1419 705 1491 dicere,
730 1421 779 1497 qui
802 1421 962 1480 laudabitur
984 1419 1118 1478 maxime.

126 1516 238 1577 Primus
272 1515 349 1577 hunc
385 1518 521 1580 audiendi
554 1535 683 1588 morem,
698 1518 810 1577 induxit
841 1518 962 1595 Largius
993 1515 1119 1589 Licinus,

125 1615 265 1675 hactenus
284 1627 382 1676 tamen
401 1627 432 1676 ut
453 1616 600 1676 auditores
619 1627 805 1693 corrogaret:
827 1619 867 1677 ita
881 1629 957 1678 certe
974 1636 1010 1676 ex
1025 1616 1118 1690 Quin-

80 1738 110 1789 35
125 1715 233 1787 tiliano,
261 1725 449 1792 praeceptore
476 1733 554 1787 meo,
582 1716 696 1775 audisse
724 1717 851 1776 memini.
903 1716 1046 1775 Narrabat
1072 1716 1119 1774 ille

126 1814 310 1873 ‘adsectabar
343 1813 505 1873 Domitium
536 1813 648 1874 Afrum.
704 1814 779 1874 Cum
814 1815 891 1892 apud
926 1814 1119 1874 centumviros

125 1911 232 1971 diceret
252 1913 374 1989 graviter
392 1923 421 1972 et
440 1913 517 1971 lente
532 1911 602 1992 (hoc
623 1913 701 1986 enim
721 1911 760 1970 illi
782 1914 902 1972 actionis
923 1930 1016 1988 genus
1037 1910 1118 1991 erat),

83 1995 87 2010 ¹
123 2011 204 2070 audit
224 2030 261 2070 ex
278 2012 412 2088 proximo
431 2010 610 2072 inmodicum
630 2012 833 2088 insolitumque
851 2011 1014 2072 clamorem.
1056 2011 1118 2069 Ad·

123 2110 242 2169 miratus
270 2111 390 2170 reticuit.
432 2109 490 2168 Ubi
519 2110 663 2170 silentium
690 2110 799 2170 factum
827 2122 881 2184 est,
908 2111 1010 2189 repetit
1037 2110 1118 2187 quod

76 2243 109 2291 40
123 2209 283 2286 abruperat.
326 2208 436 2268 Iterum
453 2209 570 2281 clamor,
586 2208 688 2267 iterum
707 2210 826 2283 reticuit,
841 2220 869 2269 et
887 2219 955 2287 post
973 2209 1118 2268 silentium

123 2309 221 2385 coepit
244 2307 322 2367 idern
347 2309 439 2367 tertio.
481 2307 646 2368 Novissime
669 2309 733 2385 quis
759 2309 865 2367 diceret
888 2308 1044 2386 quaesivit:
1072 2327 1117 2368 re-

122 2425 265 2484 sponsum
279 2417 322 2466 est
333 2407 472 2466 “Licinus
480 2405 504 2467 ’'.
533 2407 612 2466 Tum
625 2407 786 2467 intermissa
800 2427 888 2469 causa
899 2413 915 2439 “
925 2407 1092 2466 centumviri
1100 2407 1117 2432 ’'

122 2507 223 2583 inquit,
239 2505 321 2565 “hoc
335 2506 484 2566 artificium
499 2506 581 2582 periit
589 2504 623 2563 ”.’
665 2505 755 2579 Quod
773 2509 879 2585 alioqui
893 2508 984 2585 perire
997 2506 1117 2582 incipie-

121 2605 182 2676 bat,
203 2623 270 2663 cum
291 2605 400 2681 perisse
417 2605 491 2664 Afro
512 2603 663 2677 videretur,
684 2623 763 2664 nunc
784 2624 853 2666 vero
874 2625 967 2684 prope
988 2605 1117 2666 funditus

73 2733 106 2783 45
121 2703 281 2763 extinctum
302 2714 330 2763 et
351 2721 484 2763 eversum
504 2713 557 2763 est.
599 2704 692 2763 Pudet
705 2705 808 2764 referre
827 2725 901 2785 quae
923 2723 1011 2784 quam
1028 2704 1117 2764 fracta

120 2803 355 2878 pronuntiatione
388 2804 527 2876 dicantur,
561 2804 664 2879 quibus
696 2823 784 2883 quam
815 2806 911 2864 taetris
942 2804 1137 2864 clamoribus

121 2901 308 2978 excipiantur.
360 2901 482 2962 Plausus
512 2912 624 2964 tantum
652 2921 686 2962 ac
714 2905 810 2979 potius
840 2904 903 2962 sola
930 2903 1061 2980 cymbala
1088 2915 1117 2964 et

119 3009 258 3078 tympana
278 3001 331 3060 illis
353 3002 471 3060 canticis
493 3002 615 3061 desunt:
637 3001 758 3060 ululatus
778 3001 894 3078 quidem
909 3000 1017 3081 (neque
1039 3003 1117 3062 enim

119 3099 177 3158 alio
192 3099 335 3159 vocabulo
349 3110 446 3177 potest
460 3101 583 3179 exprimi
602 3101 720 3160 theatris
734 3119 852 3178 quoque
865 3101 1004 3161 indecora
1017 3102 1115 3160 laudae

72 3225 105 3274 50
117 3195 174 3276 tio)
187 3199 266 3275 large
286 3210 446 3276 supersunt.
488 3198 553 3259 Nos
567 3209 665 3259 tamen
685 3201 780 3260 adhuc
799 3211 827 3260 et
840 3202 944 3262 utilitas
958 3203 1116 3260 amicorum

118 3309 149 3358 et
166 3299 240 3358 ratio
260 3299 360 3358 aetatis
379 3308 561 3358 moraturae
580 3300 691 3359 retinet.
733 3299 876 3360 Veremur
889 3302 967 3360 enim
985 3321 1022 3359 ne
1041 3300 1116 3359 forte

116 3416 181 3456 non
195 3398 248 3457 has
262 3397 445 3474 indignitates
460 3399 616 3475 reliquisse,
628 3399 680 3458 sed
693 3400 824 3459 laborem
838 3399 947 3478 fugisse
957 3401 1114 3461 videamur.

118 3495 226 3556 Sumus
251 3508 350 3556 tamen
378 3499 464 3558 solito
491 3501 619 3572 rariores,
649 3499 729 3577 quod
755 3501 869 3560 initium
897 3511 941 3562 est
973 3499 1116 3578 gradatim

117 3595 278 3656 desinendi.
321 3597 404 3659 Vale.
