2636 3980
204 194 360 243 LETTERS
384 195 427 242 01¹*
450 195 480 244 C.
499 155 646 242 ELINIUS
669 193 857 242 CAECILIUS
878 194 1071 241 SECUNDUS.
1103 199 1143 258 41

127 372 139 418 5
150 346 257 408 Caesar
270 351 310 409 ita
322 349 514 426 reprehendit,
529 358 560 408 ut
573 349 679 408 laudet.
721 349 866 408 Describit
879 350 957 408 enirn
972 367 1024 407 eos
1039 349 1145 426 quibus

148 448 250 507 obvius
265 447 359 519 fuerit,
372 467 441 506 cum
460 457 548 523 caput
566 449 637 506 ebrii
657 448 835 518 retexissent,
850 447 1013 505 embuisse:
1039 448 1145 506 deinde

147 545 233 604 adicit
260 551 396 623 ‘putares
420 565 480 604 non
508 548 546 604 ab
568 546 621 605 illis
646 545 801 617 Catonem,
824 547 876 604 sed
904 547 967 604 illos
989 565 1008 604 a
1029 545 1144 605 Catone

148 643 360 721 deprehensos!
402 645 536 703 Potuitne
550 645 615 720 plus
630 645 806 702 auctoritatis
825 644 910 702 tribui
925 644 1041 712 Catoni,
1055 663 1145 722 quarn

148 743 173 801 si
186 744 282 802 ebrius
297 762 414 820 quoque
429 754 489 801 tam
503 744 672 802 venerabilis
686 745 765 803 erat?
801 743 926 802 Nostrae
940 755 1038 802 tamen
1054 763 1144 803 cenae

110 851 179 906 rout
193 853 348 920 apparatus
361 854 391 902 et
404 843 534 919 inpendii
548 843 590 901 sic
601 844 739 918 temporis
753 842 860 901 modus
875 853 995 902 constet
1038 843 1143 920 Neque

148 941 225 1000 enirn
248 942 268 999 ii
290 959 390 999 sumus
411 959 486 1017 quos
507 943 666 1016 vituperare
687 959 725 1000 ne
747 941 856 1000 inimici
881 943 1000 1019 quidem
1023 944 1144 1018 possint,

148 1040 203 1098 nisi
223 1050 255 1099 ut
275 1041 360 1100 simul
380 1041 506 1099 laudent.
550 1040 633 1098 Vale.
1047 1023 1052 1036 ⁸

472 1325 526 1378 30.
568 1313 697 1398 (BOOK
720 1339 747 1394 3.
767 1315 825 1398 14.)

181 1463 253 1530 Pliny
264 1465 352 1515 relates
364 1466 405 1515 the
417 1467 515 1516 murder
526 1467 555 1515 of
563 1465 667 1531 Largius
678 1467 785 1516 Macedo
797 1468 830 1530 by
841 1468 880 1516 his
892 1467 977 1526 slaves,
990 1467 1038 1516 and
1049 1466 1111 1515 adds

319 1566 350 1598 an
362 1550 473 1600 omiuous
485 1549 660 1599 circumstance
672 1550 735 1599 from
745 1551 784 1600 his
795 1551 909 1615 previous
920 1552 970 1599 lile.

450 1704 476 1746 C·
498 1704 610 1745 PLINIUS
632 1704 727 1746 ACILIO
748 1704 801 1746 SUO
823 1705 845 1745 S.

188 1831 265 1892 Rem
300 1844 429 1893 atrocem
468 1853 523 1893 nec
561 1844 675 1892 tantum
709 1831 831 1911 epistula
865 1835 985 1910 dignam
1020 1834 1143 1911 Largius

147 1931 284 2004 Macedo,
307 1933 349 1991 vir
371 1933 537 2009 praetorius,
564 1948 581 1990 a
604 1933 691 1990 servis
714 1933 773 1990 suis
792 1949 895 2008 passus
924 1942 976 2004 est,
1002 1933 1143 2009 superbus

146 2030 254 2107 alioqui
282 2031 418 2089 dominus
445 2042 475 2089 et
501 2048 603 2088 saevus
632 2040 660 2088 et
688 2033 738 2105 qui
766 2031 885 2089 servisse
916 2041 1028 2106 patrem
1057 2049 1141 2090 suurn

146 2149 258 2208 parum,
273 2131 363 2188 immo
386 2128 508 2188 nimium
529 2129 716 2187 meminisset.
758 2129 921 2187 Lavabatur
941 2129 971 2188 in
993 2129 1057 2189 villa
1072 2131 1142 2189 For-

122 2229 262 2308 5miana:
292 2239 411 2306 repente
433 2246 502 2286 eum
527 2228 600 2286 servi
622 2227 854 2287 circumsistunt:
883 2230 956 2288 alius
981 2229 1079 2289 fauces
1099 2231 1143 2289 in-

146 2327 231 2399 vadit,
249 2329 321 2386 alius
342 2345 376 2386 os
390 2328 529 2398 verberat,
544 2327 615 2385 alius
637 2337 738 2402 pectus
758 2338 786 2385 et
799 2338 929 2386 ventrem
944 2338 1031 2404 atque
1045 2331 1142 2400 etiam,

145 2425 265 2485 foedum
286 2426 372 2498 dictu,
386 2427 512 2484 verenda
532 2425 685 2484 contundit
695 2445 704 2498 3
733 2436 761 2484 et
783 2444 851 2484 curn
872 2428 1038 2486 exanimem
1059 2439 1142 2504 puta-

145 2535 219 2598 rent,
247 2527 374 2585 abiciunt
401 2527 431 2584 in
458 2525 577 2584 fervens·
600 2526 807 2601 pavimentum,
830 2536 862 2584 ut
883 2527 1081 2602 experirentur
1104 2545 1142 2584 an

145 2624 260 2683 viveret.
315 2625 376 2695 rue,
405 2625 464 2684 sive
478 2625 546 2701 quia
574 2642 635 2682 non
663 2625 814 2694 sentiebat,
840 2625 897 2683 sive
926 2613 994 2700 quial
1022 2643 1053 2683 se
1081 2644 1143 2684 non

104 2723 251 2795 msentire
285 2723 447 2794 simulabat,
474 2723 631 2781 immobilis
665 2734 694 2781 et
721 2734 854 2782 extentus
888 2724 977 2782 fidem
1009 2734 1143 2800 peractae

145 2822 246 2880 mortis
264 2822 400 2899 implevit.
444 2821 523 2879 Tum
541 2823 660 2880 demum
679 2823 762 2898 quasi
780 2833 862 2880 aestu
880 2824 993 2881 solutus
1006 2824 1143 2882 effertur:

144 2920 293 2996 excipiunt
315 2921 389 2979 servi
413 2920 567 2992 fideliores,
595 2922 776 2979 concubinae
804 2937 871 2979 curn
899 2923 1008 2981 ululatu
1032 2935 1061 2982 et
1085 2924 1143 2981 cla-

145 3037 228 3078 more
259 3030 445 3078 concurrunt
495 3019 540 3077 lta
565 3030 593 3078 et
625 3020 745 3078 vocibus
773 3020 913 3078 excitatus
941 3032 970 3080 et
998 3032 1143 3081 recreatus

144 3119 204 3178 loci
247 3117 352 3192 frigore
387 3119 506 3178 sublatis
549 3119 641 3177 oculis
686 3119 852 3196 agitatoque
890 3137 1013 3197 corpore
1049 3121 1143 3178 vivere

103 3235 186 3295 15se,
222 3225 252 3274 et
285 3216 343 3274 iarn
378 3227 471 3276 tutum
514 3227 583 3287 erat,
628 3218 790 3276 confitetur.
843 3217 1007 3294 Diffugiunt
1052 3219 1142 3290 servi;

144 3333 271 3393 quorum
299 3332 408 3392 magna
436 3333 503 3392 pars
531 3316 743 3391 comprehensa
765 3327 817 3387 est,
841 3319 927 3376 ceteri
951 3318 1142 3394 requiruntur.

144 3415 214 3492 Ipse
230 3416 330 3491 paucis
351 3416 453 3475 diebus
468 3433 554 3491 aegre
574 3415 705 3474 focilatus
727 3431 788 3473 non
811 3415 872 3472 sine
894 3416 1011 3474 ultionis
1034 3416 1143 3475 solacio

143 3515 276 3586 decessit,
297 3515 336 3572 ita
358 3515 438 3573 vivus
459 3515 629 3585 vindicatus
649 3527 680 3572 ut
702 3515 791 3574 occisi
815 3516 917 3575 solent.
959 3515 1051 3574 Vides
1071 3527 1143 3592 quot

142 3613 287 3690 periculis,
316 3623 387 3691 quot
415 3615 606 3686 contumeliis,
636 3626 709 3692 quot
742 3615 870 3676 ludibriis
905 3617 995 3674 simus
1022 3618 1142 3676 obnoxii
