2626 3976
168 178 228 240 108
435 192 458 239 a
482 193 681 242 saraervon
699 195 804 243 rnorr
825 193 896 243 rura

165 370 265 427 regere
279 351 325 410 vel
338 352 534 427 ignorantiam
554 355 715 413 instruere?
757 353 983 431 Cognitionibus
998 353 1035 411 de
1050 349 1169 410 Christi-

166 452 228 509 anis
248 450 362 510 interfui
384 470 563 529 numquam:
593 453 661 511 ideo
682 454 782 512 nescio
807 453 877 528 quid
901 462 930 512 et
952 461 1096 528 quatenus
1121 457 1171 506 aut

166 550 262 625 puniri
286 550 378 609 soleat
399 561 450 608 aut
470 550 578 626 quaeri.
628 549 693 609 Nec
718 552 903 610 mediocriter
927 549 1071 618 haesitavi,
1095 546 1200 607 sitne5

167 648 284 724 aliquod
298 648 453 714 discrimen
469 658 604 720 aetatum,
618 669 656 706 an
673 650 832 724 quamlibet
845 649 936 707 teneri
951 648 1021 706 nihil
1035 666 1053 704 a
1067 646 1171 705 robus-

166 747 286 804 tioribus
301 746 450 814 differant;
472 746 554 804 detur
567 747 762 823 paenitentiae
776 747 870 816 venia,
885 764 923 804 an
938 746 964 803 ei
983 744 1034 820 qui
1048 743 1170 801 omnino

168 842 348 902 Christianus
362 843 415 901 fuit
429 842 539 902 desisse
559 861 621 901 non
639 845 748 920 prosit;
771 863 881 902 nornen
896 844 1000 919 ipsum,
1016 843 1041 899 si
1054 840 1171 916 flagitiis

167 953 271 1013 careat,
286 961 325 1001 an
338 943 447 1020 flagitia
461 943 646 1001 cohaerentia
665 944 778 1002 nomini
798 944 962 1020 puniantur.
1004 941 1126 998 Interim
1141 942 1171 996 in

168 1042 202 1100 iis
226 1043 276 1118 qui
299 1042 337 1100 ad
359 1060 407 1099 me
428 1052 580 1118 tamquam
602 1041 757 1101 Christiani
778 1041 981 1100 deferebantur
1003 1039 1082 1096 hunc
1106 1055 1171 1095 sum
1188 1055 1220 1090 ro

168 1151 283 1200 secutus
297 1141 429 1199 modum.
464 1140 642 1216 Interrogavi
652 1142 735 1217 ipsos
748 1159 786 1200 an
795 1151 894 1199 essent
905 1137 1077 1198 Christiani:
1099 1153 1171 1194 con-

168 1239 283 1298 fitentes
296 1241 398 1298 iterum
413 1257 447 1297 ac
461 1240 544 1298 tertio
559 1241 734 1317 interrogavi
751 1240 925 1316 supplicium
940 1238 1083 1294 minatus:
1105 1253 1172 1310 per-

168 1349 332 1396 severantes
348 1339 415 1396 duci
428 1339 506 1396 iussi.
549 1337 654 1414 Neque
668 1339 747 1395 enim
766 1337 946 1407 dubitabam,
960 1334 1172 1411 qualecumque

168 1446 246 1494 esset
264 1436 344 1512 quod
358 1436 523 1505 faterentur,
538 1437 724 1512 pertinaciam
738 1447 815 1494 certe
829 1446 859 1495 et
873 1434 1062 1492 inflexibilem
1081 1432 1172 1491 obsti-

168 1536 319 1593 nationem
335 1536 440 1593 debere
453 1535 557 1611 puniri.
598 1535 727 1594 Fuerunt
741 1536 788 1594 alii
803 1535 903 1594 similis
918 1534 1071 1602 amentiae,
1086 1548 1171 1608 quos,
1190 1551 1219 1600 15

169 1633 238 1709 quia
265 1634 342 1691 cives
365 1632 494 1692 Romani
517 1643 606 1705 erant,
632 1633 768 1692 adnotavi
790 1633 821 1692 in
846 1636 948 1692 urbem
973 1630 1174 1690 remittendos,

170 1731 244 1789 Mox
272 1733 337 1808 ipso
365 1741 496 1804 tractatu,
524 1742 556 1790 ut
583 1733 643 1790 fieri
673 1733 754 1804 solet,
784 1732 966 1791 diffundente
995 1749 1025 1789 se
1052 1730 1173 1788 crimine

170 1830 266 1906 plures
281 1831 393 1907 species
412 1832 585 1891 inciderunt.
627 1830 799 1907 Propositus
819 1840 863 1889 est
884 1830 997 1889 libellus
1019 1830 1083 1888 sine
1104 1847 1175 1887 auc-

170 1940 233 1988 tore
254 1931 412 1989 multorum
436 1931 559 1989 nomina
579 1933 743 1990 continens.
786 1929 846 2001 Qui
871 1930 1018 2005 negabant
1046 1944 1109 1985 esse
1140 1944 1173 1984 se

171 2028 353 2090 Christianos
368 2041 417 2088 aut
431 2030 528 2100 fuisse,
544 2049 612 2089 cum
626 2041 784 2106 praeeunte
798 2048 846 2088 me
866 2029 939 2088 deos
953 2028 1130 2104 appellarent
1145 2036 1173 2084 et
1190 2046 1221 2079 πο

170 2130 291 2204 imagini
316 2140 391 2199 tuae,
415 2146 504 2205 quam
528 2138 647 2204 propter
672 2129 728 2187 hoc
754 2129 895 2186 iusseram
919 2145 988 2185 cum
1012 2125 1174 2184 simulacris

171 2227 327 2284 numinum
347 2227 462 2297 adferri,
477 2237 540 2284 ture
562 2246 596 2285 ac
618 2229 686 2285 vino
708 2227 911 2304 supplicarent,
926 2236 1076 2302 praeterea
1097 2224 1175 2282 male

171 2323 299 2382 dicerent
314 2324 440 2397 Christo,
454 2342 579 2400 quorum
593 2326 664 2384 nihil
683 2345 771 2404 posse
791 2327 857 2403 cogi
879 2325 1013 2385 dicuntur
1034 2325 1084 2400 qui
1105 2333 1175 2382 sunt

171 2443 202 2482 re
222 2443 289 2482 vera
310 2423 474 2496 Christiani,
494 2425 683 2483 dimittendos
705 2445 769 2484 esse
790 2425 896 2502 putavi
940 2424 997 2481 Alii
1017 2424 1055 2481 ab
1077 2421 1175 2480 indice

172 2532 314 2589 nominati
334 2551 399 2591 esse
421 2551 453 2590 se
474 2530 654 2591 Christianos
676 2533 811 2590 dixerunt
834 2541 864 2590 et
885 2548 956 2589 mox
978 2539 1175 2606 negavemnt;
1192 2544 1222 2593 25

174 2629 260 2688 fuisse
281 2631 407 2706 quidem,
428 2631 482 2689 sed
503 2631 620 2703 desisse,
640 2632 759 2707 quidam
782 2641 849 2689 ante
870 2630 1035 2697 triennium,
1052 2629 1176 2704 quidam

173 2739 240 2787 ante
254 2729 350 2805 plures
365 2748 468 2800 annos,
482 2748 543 2788 non
558 2748 646 2788 nemo
662 2731 749 2788 etiarn
764 2739 831 2788 ante
845 2729 955 2805 viginti.
998 2728 1039 2786 Hi
1054 2746 1176 2804 quoque

173 2846 277 2886 omnes
288 2838 317 2885 et
329 2829 488 2904 imaginem
502 2838 583 2886 tuam
597 2828 777 2904 deorumque
798 2829 951 2887 simulacra
964 2828 1090 2887 venerati
1105 2837 1177 2885 sunt

173 2936 203 2984 et
227 2925 344 2985 Christo
366 2928 442 2985 male
463 2926 604 2985 dixerunt.
647 2925 850 2985 Adfirmabant
870 2937 967 2985 autem
987 2926 1063 2983 hanc
1085 2925 1177 2985 fuisse

174 3043 319 3083 summam
333 3025 377 3084 vel
392 3026 494 3102 culpae
509 3044 578 3084 suae
592 3025 637 3083 vel
656 3027 769 3097 erroris
784 3026 865 3102 quod
885 3034 983 3084 essent
1002 3025 1078 3083 soliti
1097 3033 1176 3082 stato
1191 3042 1227 3090 30

173 3125 220 3184 die
248 3133 317 3183 ante
343 3125 440 3183 lucem
467 3126 622 3184 convenire
656 3144 832 3202 carmenque
861 3123 976 3183 Christo
1004 3124 1087 3199 quasi
1117 3124 1177 3182 deo

173 3223 268 3282 dicere
290 3242 391 3282 secum
411 3226 536 3283 invicem
555 3243 646 3301 seque
665 3237 849 3283 sacramento
870 3242 931 3282 non
955 3223 986 3280 in
1008 3222 1103 3281 scelus
1126 3222 1178 3280 ali·

174 3321 255 3396 quod
277 3323 465 3396 obstringere,
488 3324 540 3382 sed
564 3342 601 3382 ne
625 3323 708 3395 furta,
733 3341 771 3380 ne
794 3322 952 3392 latrocinia,
974 3339 1012 3379 ne
1037 3321 1179 3380 adulteria

174 3420 396 3490 committerent,
412 3439 449 3477 ne
470 3420 557 3477 fidem
576 3421 715 3491 fallerent,
731 3439 769 3479 ne
788 3421 954 3497 depositum
974 3421 1109 3497 appellati
1124 3421 1178 3479 ab·

175 3529 331 3591 negarent:
354 3519 458 3593 quibus
473 3521 596 3594 peractis
610 3538 723 3579 morem
746 3519 800 3578 sibi
820 3519 988 3579 discedendi
1002 3519 1100 3592 luisse,
1115 3537 1179 3578 rur-
1198 3533 1233 3584 35

176 3633 283 3690 susque
304 3617 418 3673 coeundi
434 3617 472 3674 ad
492 3617 666 3693 capiendum
687 3620 794 3690 cibum,
808 3620 1007 3697 promiscuum
1027 3629 1127 3678 tamen
1148 3629 1182 3678 et
