2636 3980
185 191 344 242 LETTERS
367 194 412 242 OF
433 197 462 244 G.
478 197 624 244 PLINIUS
646 195 833 245 CAECILIUS
855 197 1048 246 SECUNDUS.
1094 183 1135 268 69

473 403 524 455 rr.
568 394 696 475 (Boou
720 395 805 477 aa.)

169 523 240 586 Pliny
251 524 312 588 begs
327 523 461 576 Fundanus‘
475 533 502 576 to
518 543 589 578 come
605 533 632 576 to
644 527 724 578 Rome
738 530 787 577 and
801 529 861 593 help
874 528 927 577 him
938 529 963 578 in
977 530 1016 579 his
1032 537 1136 596 support

135 604 165 653 of
171 605 252 669 Julius
269 607 339 656 Naso
357 609 381 656 in
399 608 438 658 his
454 610 615 659 candidatnre
631 611 670 660 ior
687 611 729 660 the
749 612 927 676 quaestorship,
945 629 961 661 a
977 629 1060 677 young
1077 630 1136 664 man

136 686 218 736 whom
231 688 302 753 Pliny
312 690 398 741 values
409 692 471 741 both
484 691 522 740 for
532 692 571 741 his
583 708 638 741 own
650 692 717 749 sake,
728 693 777 741 and
788 693 827 742 bis
838 693 947 744 father's.

422 833 447 873 C.
462 833 573 873 PLINIUS
594 832 731 873 FUNDANO
752 833 806 874 SUO
827 833 849 873 S.

177 944 335 1022 Siquando,
358 967 436 1007 nunc
457 949 612 1026 praecipue
630 965 767 1023 cuperem
787 966 850 1006 esse
871 957 900 1007 te
915 947 1038 1014 Romae,
1053 959 1082 1008 et
1096 950 1135 1008 sis

135 1062 216 1120 rogo.
263 1046 346 1123 Opus
361 1057 405 1106 est
424 1048 494 1104 mihi
508 1047 568 1106 voti
586 1046 693 1105 laboris
713 1046 912 1105 sollicitudinis
928 1049 1018 1106 socio
1061 1046 1135 1105 Petit

135 1143 262 1204 honores
283 1146 374 1205 Iulius
395 1146 486 1217 Naso,
507 1147 579 1222 petit
600 1164 668 1203 cum
688 1145 794 1217 multis,
809 1163 877 1203 curn
898 1146 992 1216 bonis,
1007 1163 1082 1222 quos
1103 1155 1136 1203 ut

135 1242 295 1318 gloriosum
317 1247 358 1304 sic
381 1255 425 1304 est
446 1244 560 1304 difficile
582 1262 727 1321 superare.
770 1241 890 1302 Pendeo
912 1261 982 1319 ergo
1004 1253 1033 1301 et
1053 1262 1135 1301 exer-

110 1352 204 1400 5ceor
218 1361 280 1419 spe,
294 1344 414 1403 adficior
432 1354 513 1402 metu
532 1353 561 1402 et
578 1361 627 1416 me
647 1341 831 1400 consularem
852 1360 917 1400 esse
938 1360 1000 1400 non
1022 1342 1133 1400 sentio:

134 1458 203 1498 narn
218 1461 317 1502 rursus
331 1443 401 1500 mihi
416 1442 515 1500 videor
534 1443 666 1500 omnium
686 1460 761 1518 quae
783 1441 933 1500 decucurri
954 1440 1134 1499 candidatus.

135 1539 264 1599 Meretur
277 1541 352 1599 hanc
367 1560 468 1599 curam
487 1542 576 1616 longa
596 1541 653 1600 mei
674 1542 800 1600 caritate.
843 1539 897 1599 Est
916 1540 987 1598 mihi
1002 1557 1070 1599 cum
1085 1539 1134 1596 illo

133 1657 197 1696 non
224 1657 293 1698 sane
321 1650 442 1715 patema
469 1641 595 1698 amicitia
622 1637 734 1717 (neque
764 1640 843 1698 enirn
870 1657 934 1699 esse
961 1639 1056 1716 potuit
1083 1655 1135 1714 per

133 1754 229 1795 meam
252 1735 387 1817 aetatem)
398 1757 406 1810 ;
436 1737 547 1797 solebat
568 1747 667 1796 tamen
685 1738 805 1796 vixdum
825 1737 1044 1796 adulescentulo
1063 1736 1134 1794 mihi

94 1846 125 1880 10
134 1844 215 1911 pater
229 1837 291 1894 eius
306 1855 372 1894 cum
386 1855 494 1912 magna
508 1836 593 1895 laude
607 1837 770 1894 monstrari.
813 1835 883 1894 Erat
897 1855 959 1894 non
970 1835 1132 1893 studiorum

133 1943 246 1992 tanturn
271 1952 372 1992 verum
400 1935 487 1992 etiarn
516 1934 712 1992 studiosorum
738 1935 954 1992 amantissimus
979 1951 1014 1991 ac
1039 1950 1133 2009 prope

134 2032 239 2091 cotidie
261 2033 300 2091 ad
322 2033 493 2099 audiendos,
515 2050 589 2108 quos
613 2043 682 2090 tunc
708 2050 765 2108 ego
790 2032 1019 2107 frequentabam,
1040 2031 1135 2103 Quin-

132 2130 274 2202 tilianum,
288 2130 413 2213 Niceten
428 2131 617 2190 Sacerdotem
631 2131 798 2201 ventitabat,
809 2131 850 2188 vir
865 2131 973 2206 alioqui
993 2130 1086 2189 clarus
1105 2140 1134 2188 et

133 2230 228 2306 gravis
242 2240 270 2288 et
285 2231 334 2308 qui
353 2231 492 2306 prodesse
512 2229 571 2288 filio
590 2230 732 2288 memoria
754 2229 797 2287 sui
818 2229 930 2288 debeat.
973 2228 1031 2288 Sed
1052 2230 1134 2287 multi

93 2337 212 2388 15nunc
233 2331 263 2387 in
285 2340 387 2388 senatu
407 2331 512 2406 quibus
533 2329 650 2406 ignotus
672 2329 727 2399 ille,
742 2329 823 2387 multi
844 2330 949 2406 quibus
969 2339 1066 2400 notua,
1081 2328 1133 2387 sed

132 2445 194 2486 non
209 2427 263 2485 nisi
277 2428 405 2487 viventes
424 2438 596 2487 reverentur.
639 2427 709 2500 Quo
722 2428 816 2504 magis
837 2428 904 2486 huic
918 2429 1027 2486 omissa
1041 2427 1134 2502 gloria

131 2527 230 2603 patris,
258 2528 288 2585 in
317 2546 375 2604 qua
398 2546 538 2604 magnum
566 2537 779 2598 ornamentum,
808 2528 900 2602 gratia
927 2526 1049 2597 infirma,
1077 2525 1132 2601 ipsi

132 2626 309 2698 enitendum,
334 2627 390 2703 ipsi
414 2625 623 2684 elaborandum
648 2635 700 2683 est.
753 2624 843 2696 Quod
866 2624 983 2701 quidem
1008 2642 1132 2700 semper,

132 2726 215 2802 quasi
238 2726 401 2801 provideret
422 2723 480 2783 hoc
502 2734 625 2802 tempus,
641 2722 741 2782 sedulo
763 2724 847 2782 fecit:
879 2723 989 2799 paravit
1011 2722 1131 2796 amicos,

92 2840 207 2902 20quos
234 2835 384 2902 paraverat
406 2824 502 2894 coluit,
525 2842 573 2881 me
599 2833 685 2894 certe,
710 2832 742 2881 ut
769 2823 895 2900 primum
924 2824 978 2881 sibi
1005 2823 1131 2882 iudicare

129 2925 267 3002 permisit,
289 2924 325 2983 ad
343 2941 473 2983 amorem
493 2923 744 3000 imitationemque
765 2924 880 2999 delegit.
923 2923 1039 2982 Dicenti
1060 2921 1131 2980 mihi

130 3024 270 3083 sollicitus
298 3023 417 3094 adsistit,
444 3022 565 3081 adsidet
583 3023 732 3081 recitanti:
768 3023 869 3098 primis
894 3024 981 3081 etiam
1006 3032 1035 3080 et
1063 3038 1130 3080 cum

128 3124 256 3181 maxime
283 3122 469 3180 nascentibus
497 3122 645 3199 opusculis
673 3122 747 3179 meis
777 3122 904 3192 interest,
933 3139 1012 3179 nunc
1041 3120 1128 3190 solus,

129 3231 197 3281 ante
221 3240 289 3281 cum
313 3221 407 3293 fratre,
431 3221 512 3280 cuius
537 3238 631 3296 nuper
655 3222 752 3280 amissi
775 3239 832 3297 ego
856 3221 1001 3297 suscipere
1023 3228 1128 3295 partes,

91 3337 119 3386 ²5
129 3340 188 3400 ego
210 3324 304 3380 vicem
326 3321 421 3379 debeo
446 3321 565 3396 inplere.
607 3319 712 3378 Doleo
727 3320 805 3378 enim
827 3330 856 3378 et
883 3319 963 3377 illum
987 3320 1130 3376 inmatura

128 3431 223 3480 morte
237 3420 439 3496 indignissime
452 3429 566 3496 raptum
585 3427 613 3476 et
632 3418 711 3476 hunc
727 3419 830 3495 optimi
849 3417 942 3476 fratris
959 3418 1127 3476 adiumento

128 3521 296 3580 destitutum
311 3519 436 3594 solisque
451 3519 552 3577 amicis
565 3517 704 3576 relictum.
747 3517 861 3589 Quibus
876 3536 912 3575 ex
927 3516 1022 3575 causis
1037 3517 1124 3592 exigo

125 3631 158 3679 nt
172 3620 271 3679 venias
286 3628 314 3679 et
329 3618 468 3694 suffragio
481 3636 549 3677 meo
563 3627 646 3676 tuum
656 3619 768 3692 iungas.
813 3615 991 3674 Permultum
1005 3617 1124 3676 interest
