2636 3980
167 87 209 168 56
435 101 456 149 A
483 100 679 149 saraerrorv
699 100 803 148 rnorr
824 99 893 147 maa

167 270 285 338 quanto,
308 279 375 319 cum
396 261 451 337 egi,
473 261 582 336 gaudio
607 259 753 319 adliciturl
796 259 935 337 Disponit
957 259 1006 336 qui
1031 261 1210 319 nuntientro
1290 307 1291 318 .

166 361 229 432 sibi,
245 378 332 436 quem
354 360 518 432 adsensum,
534 378 609 435 quos
630 360 770 418 clamores
792 359 948 432 excitarim,
969 377 1057 436 quem
1078 377 1166 416 even-

166 471 229 518 tum
253 459 349 517 iudicii
374 458 495 517 tulerim.
546 457 669 527 Eadem,
692 458 835 533 siquando
857 457 957 530 recito,
977 457 1008 514 in
1029 457 1166 534 proximo

167 559 291 616 discreta
319 557 383 616 velo
411 556 492 616 sedet
519 555 678 632 laudesque
706 567 820 616 nostras
849 557 1021 615 avidissimis
1048 556 1166 615 auribus

167 657 281 733 excipit.
317 656 426 714 Versus
438 657 556 732 quidem
567 674 650 714 meos
660 665 756 714 cantat
771 656 858 713 etiarn
868 655 1033 730 formatque
1046 654 1165 724 cithara,

167 775 228 814 non
255 755 363 814 artifice
391 755 489 831 aliquo
517 755 651 826 docente,
675 755 726 814 sed
750 773 857 826 amore,
883 755 933 830 qui
960 755 1097 830 magister
1120 766 1209 822 estr5

167 855 302 932 optimus.
346 853 402 912 His
417 873 453 912 ex
473 855 567 912 causis
587 853 617 911 in
637 871 719 929 spem
741 853 928 912 certissimam
949 853 1079 910 adducor
1099 869 1164 928 pcr-

166 963 284 1030 petuam
299 954 384 1011 nobis
403 953 602 1028 maioremque
619 933 724 1010 indies
743 951 867 1010 futuram
887 970 951 1010 esse
966 949 1164 1010 concordiam.

167 1052 238 1110 Non
252 1053 330 1110 enirn
346 1061 469 1111 aetatem
483 1071 580 1110 meam
595 1059 644 1109 aut
658 1070 773 1128 corpus,
786 1069 860 1127 quae
876 1051 1013 1126 paulatim
1028 1049 1166 1108 occidunt

166 1168 200 1209 ac
228 1162 391 1223 senescunt,
416 1151 469 1210 sed
496 1151 619 1226 gloriam
647 1150 746 1224 diligit.
803 1149 869 1208 Nec
896 1148 973 1208 aliud
1001 1151 1084 1208 decet
1108 1149 1165 1207 tuis

166 1252 301 1308 manibus
321 1251 482 1323 educatam,
503 1251 559 1308 tuis
580 1250 739 1327 praeceptis
760 1249 926 1320 institutam,
949 1267 1023 1325 quae
1043 1247 1114 1304 nibil
1134 1247 1164 1303 in
1177 1266 1208 1300 κο

167 1349 358 1406 contubernio
387 1357 437 1406 tuo
465 1348 566 1405 viderit
593 1348 648 1406 nisi
677 1357 810 1406 sanctum
836 1346 1059 1422 honestumque,
1088 1363 1165 1421 quae

168 1443 292 1518 denique
314 1461 412 1501 amare
426 1460 474 1500 me
494 1461 530 1500 cx
549 1452 599 1500 tua
619 1442 833 1517 praedicatione
855 1441 1042 1501 consueverit.
1086 1439 1164 1497 Nam

167 1559 234 1598 curn
258 1549 381 1598 matrem
402 1558 499 1598 meam
522 1541 649 1615 parentis
673 1539 739 1598 loco
760 1541 905 1611 verereris,
928 1558 976 1597 me
1004 1558 1023 1598 a
1042 1539 1165 1615 pueritia

166 1635 263 1692 statim
287 1633 418 1706 formare,
441 1634 558 1692 laudare
587 1634 741 1710 talemque,
762 1635 854 1709 qualis
877 1653 956 1692 nunc
977 1634 1060 1692 uxori
1081 1651 1173 1721 meae!

165 1733 272 1805 videor,
288 1733 410 1791 ominari
425 1731 548 1790 solebas.
590 1731 729 1790 Certatim
751 1751 821 1809 ergo
843 1733 893 1791 tibi
914 1734 1020 1808 gratias
1041 1717 1205 1807 agmina&
1290 1745 1291 1770 ³

165 1849 222 1908 ego
236 1832 316 1908 quod
330 1831 408 1889 illam
422 1830 501 1904 mihi,
515 1831 563 1890 illa
577 1831 657 1906 quod
672 1849 720 1890 me
738 1831 791 1889 sibi
806 1831 927 1904 dederis,
944 1832 1025 1908 quasi
1039 1830 1164 1888 invicem

166 1931 296 2006 elegeris.
338 1929 419 1988 Vale.

486 2183 539 2235 42.
580 2175 708 2256 (Boou
731 2195 756 2248 4.
781 2172 840 2254 22.)

198 2308 222 2354 A
234 2306 294 2354 bold
305 2307 402 2366 remark
419 2308 453 2370 by
464 2307 551 2371 Junius
562 2307 689 2356 Mauricus
705 2307 730 2356 in
741 2285 852 2370 Trajan's
865 2306 962 2355 council
974 2322 1005 2355 on
1017 2306 1058 2355 the
1070 2307 1164 2371 subject

166 2389 195 2438 of
203 2390 245 2438 the
255 2405 341 2454 gemes
352 2398 377 2439 at
387 2391 486 2449 Vienne,
500 2391 569 2439 leads
578 2390 650 2453 Pliny
659 2397 685 2438 to
698 2390 774 2438 relate
785 2405 800 2437 a
812 2388 898 2437 bolder
906 2389 995 2453 speech
1007 2389 1036 2438 of
1043 2389 1085 2438 the
1096 2405 1165 2440 same

166 2472 293 2522 Mauricus
304 2480 330 2522 at
342 2475 445 2523 Nerva's
457 2473 532 2523 table.

389 2612 413 2653 C·
436 2611 548 2652 PLINIUS
568 2611 729 2652 SEMPRONIO
750 2610 828 2651 RUFO
849 2610 903 2651 SUO
925 2611 946 2651 S.

205 2717 325 2775 Interfui
340 2719 477 2795 principis
489 2718 590 2794 optimi
602 2717 760 2792 cognitioni
775 2717 805 2773 in
816 2717 969 2775 consilium
980 2717 1161 2795 adsumptus.

165 2816 325 2893 Gymnicus
347 2834 426 2893 agon
447 2817 525 2894 apud
545 2816 729 2875 Viennenses
752 2835 788 2875 ex
811 2817 962 2876 cuiusdam
986 2825 1163 2876 testamento

164 2917 376 2976 celebrabatur:
399 2916 475 2974 hunc
490 2915 657 2974 Trebonius
673 2915 805 2987 Rufinus,
817 2916 859 2972 vir
869 2917 1002 2992 egregius
1017 2917 1162 2992 nobisque

164 3015 283 3086 amicuS,
311 3015 341 3072 in
369 3014 549 3072 duumviratu
577 3015 736 3073 tollendum
766 3015 1001 3091 abolendumque
1033 3016 1160 3074 curavit:

163 3115 325 3189 negabatur
339 3131 376 3172 ex
395 3114 564 3171 auctoritate
585 3113 699 3190 publica
721 3112 831 3172 fecisse.
874 3113 942 3188 Egit
961 3113 1025 3190 ipse
1040 3132 1185 3184 causatus

164 3231 225 3271 non
239 3213 336 3270 minus
355 3211 474 3269 feliciter
495 3231 582 3288 quarn
604 3212 715 3270 diserte.
759 3211 992 3271 Commendabat
1013 3214 1161 3274 actionem

163 3310 243 3387 quod
257 3320 406 3385 tamquam
417 3310 508 3368 homo
521 3310 673 3369 Romanus
688 3320 717 3369 et
730 3312 827 3370 bonus
842 3311 909 3371 civis
923 3312 954 3369 in
969 3313 1088 3387 negotio
1104 3331 1161 3371 suo

164 3418 274 3466 mature
285 3416 314 3465 et
324 3407 447 3483 graviter
457 3408 635 3483 loquebatur.
673 3409 749 3469 Cum
761 3413 919 3469 sententiae
930 3422 1160 3487 perrogarentur,

164 3505 236 3564 dixit
250 3505 350 3566 lunius
365 3505 522 3578 Mauricus,
538 3524 596 3583 quo
610 3509 670 3566 viro
685 3507 755 3566 nihil
770 3509 887 3580 firmius,
899 3509 969 3566 nihil
981 3509 1083 3582 verius,
1098 3529 1161 3571 non
