2636 3980
195 184 235 265 76
462 202 483 248 A
510 201 709 250 sarnorrorv
728 203 832 250 anon
854 203 924 251 rna

147 389 154 400 ·
193 361 327 418 avunculi
351 362 408 420 mei
433 362 535 438 scripsi
559 381 666 438 cupere
691 380 879 439 cognoscere,
902 381 977 440 quos
1000 383 1058 441 ego
1084 363 1197 423 Miseni

193 457 306 516 relictus
334 457 375 538 (id
404 459 482 517 enim
506 459 652 536 ingressus
677 460 862 540 abruperam)
888 480 949 520 non
975 463 1070 521 solum
1097 473 1195 522 metus

193 573 292 614 verum
317 559 403 616 etiarn
429 575 513 616 casus
537 557 710 634 pertulerim.
753 558 961 636 ‘Quamquam
989 563 1103 621 animus
1131 579 1195 618 me-

193 654 310 714 minisse
329 657 434 721 horret,
448 656 604 732 incipiam!
647 656 783 716 Profecto
802 659 946 718 avunculo
966 659 1030 735 ipse
1050 659 1221 736 reliquum5

192 763 307 829 tempus
342 755 441 813 studiis
476 753 555 833 (ideo
590 756 669 813 enim
703 755 911 835 remanseram)
939 757 1080 834 inpendi:
1120 775 1195 816 mox

192 852 347 923 balineum,
372 871 454 924 cena,
478 871 599 912 somnus
623 853 768 930 inquietus
785 863 814 912 et
839 855 941 914 brevis.
993 854 1195 914 Praecesserat

192 968 244 1026 per
271 950 378 1009 multos
410 950 471 1009 dies
499 959 606 1008 tremor
633 959 726 1009 terrae
753 952 850 1010 minus
878 951 1095 1023 formidolosus,
1124 953 1195 1029 quia

193 1045 370 1123 Campaniae
399 1049 506 1108 solitus.
557 1048 610 1107 Illa
636 1067 704 1108 vero
732 1059 819 1107 nocte
850 1049 890 1108 ita
916 1049 1042 1121 invaluit,
1071 1060 1103 1109 ut
1130 1069 1193 1109 non

191 1149 301 1204 moveri
323 1148 422 1205 omnia
446 1149 500 1207 sed
519 1149 590 1206 verti
615 1147 807 1208 crederentur.
858 1147 1003 1224 Inrumpit
1028 1149 1238 1207 cubiculumro

191 1263 291 1305 meum
309 1256 416 1304 mater:
447 1247 602 1323 surgebam
622 1246 756 1316 invicem,
777 1246 801 1304 si
822 1246 994 1322 quiesceret,
1009 1247 1194 1305 excitaturus

191 1343 359 1403 Residimus
393 1346 423 1402 in
454 1363 522 1403 area
557 1345 671 1415 domus,
701 1363 777 1420 quae
803 1362 884 1402 mare
917 1363 935 1402 a
962 1345 1044 1402 tectis
1072 1344 1195 1403 modico

191 1443 285 1518 spatio
314 1443 465 1502 dividebat.
522 1442 631 1502 Dubito
667 1443 864 1502 constantiam
891 1460 994 1501 vocare
1029 1461 1066 1500 an
1094 1443 1195 1518 inpru-

191 1541 320 1600 dentiam
342 1542 465 1601 debeam
490 1539 627 1620 (agebam
646 1542 722 1599 enim
743 1541 1030 1599 duodevicensimum
1050 1540 1193 1620 annum):

191 1656 285 1714 posco
312 1641 417 1698 libmm
445 1639 505 1697 Titi
537 1639 601 1698 Livi
628 1649 657 1698 et
684 1639 766 1715 quasi
794 1657 846 1715 per
881 1640 973 1697 otium
1006 1638 1074 1715 lego
1104 1649 1193 1717 atque
1206 1664 1237 1712 15

193 1738 287 1809 etiam,
311 1747 343 1795 ut
371 1756 535 1813 coeperam,
559 1755 693 1814 excerpo.
734 1737 813 1797 Ecce
837 1739 948 1796 amicus
976 1738 1119 1808 avunculi,
1143 1741 1193 1815 qui

192 1855 285 1913 nuper
314 1837 351 1895 ad
379 1855 446 1895 eum
480 1855 517 1895 ex
549 1835 694 1912 Hispania
721 1846 848 1908 venerat,
877 1847 909 1895 ut
937 1855 985 1894 me
1012 1846 1041 1894 et
1068 1847 1193 1895 matrem

193 1937 336 2007 sedentes,
359 1955 407 1994 me
421 1953 499 2020 'uero
525 1937 611 1994 etiam
635 1937 781 2013 legentem
805 1938 890 2010 videt,
913 1936 987 1995 illius
1012 1937 1192 2012 patientiam,

193 2038 374 2095 securitatem
402 2053 499 2094 meam
527 2036 654 2111 corripit.
707 2036 806 2095 Nihilo
832 2037 951 2111 segnius
978 2053 1034 2110 ego
1062 2036 1192 2094 intentus

191 2137 223 2194 in
241 2136 353 2192 librum.
396 2133 460 2191 Iam
478 2134 550 2192 hora
571 2135 629 2192 diei
648 2136 749 2210 prima,
768 2145 796 2194 et
817 2137 913 2195 adhuc
933 2135 1037 2194 dubius
1059 2143 1087 2218 et
1108 2135 1192 2211 quasi
1204 2159 1236 2194 20

192 2234 344 2309 languidus
360 2234 436 2292 dies:
467 2232 525 2291 iam
539 2235 683 2310 quassatis
698 2235 969 2294 circumiacentibus
982 2233 1073 2304 tectis,
1088 2252 1193 2310 quam·

192 2351 279 2408 quarn
306 2334 337 2390 in
365 2342 465 2410 aperto
492 2333 566 2404 loco,
596 2343 721 2409 angusto
748 2342 856 2404 tamen,
885 2351 1009 2409 magnus
1037 2341 1066 2390 et
1093 2342 1191 2391 certus

191 2432 289 2492 ruinae
311 2442 413 2491 metus.
454 2431 534 2491 Tum
558 2432 677 2491 demum
701 2431 842 2490 excedere
866 2431 977 2508 oppido
1000 2431 1111 2490 visum:
1144 2449 1190 2489 se-

191 2531 286 2606 quitur
312 2530 415 2606 vulgus
443 2532 607 2602 attonitum,
635 2530 772 2606 quodque
799 2530 831 2587 in
859 2547 967 2606 pavore
1001 2529 1093 2588 simile
1121 2549 1191 2606 pru-

191 2629 313 2701 dentiae,
337 2631 462 2688 alienum
485 2631 637 2689 consilium
659 2647 712 2688 suo
735 2628 859 2705 praefert
882 2629 1051 2705 ingentique
1073 2629 1191 2704 agmine
1203 2651 1232 2697 ²⁵

191 2728 331 2786 abeuntes
365 2730 471 2805 premit
506 2739 534 2788 et
568 2728 686 2804 inpellit.
737 2727 856 2804 Egressi
888 2738 966 2786 tecta
993 2727 1189 2786 consistimus.

191 2825 285 2885 Multa
307 2827 345 2885 ibi
365 2828 505 2898 miranda,
519 2827 624 2885 multas
646 2826 815 2886 formidines
836 2828 971 2903 patimur.
1013 2825 1092 2884 Nam
1111 2826 1190 2884 vehi-

191 2927 255 2984 cula
289 2945 363 3003 quae
391 2927 512 3003 produci
540 2927 723 2997 iusseramus,
751 2946 931 3004 quamquam
960 2927 989 2985 in
1018 2926 1190 3002 planissimo

190 3045 305 3102 campo,
321 3027 350 3083 in
371 3027 529 3084 contrarias
548 3034 644 3101 partes
666 3027 826 3102 agebantur
847 3045 880 3084 ac
902 3044 939 3084 ne
961 3025 1104 3100 lapidibus
1126 3025 1191 3100 qui·

190 3125 259 3184 dem
284 3124 353 3183 fulta
374 3124 404 3181 in
425 3123 530 3183 eodem
550 3125 673 3200 vestigio
696 3125 891 3202 quiescebant.
935 3123 1087 3182 Praeterea
1108 3141 1189 3182 mare
1200 3143 1235 3190 30
1309 3103 1310 3114 ἵ

189 3226 219 3283 in
245 3243 276 3283 se
299 3224 440 3282 resorberi
462 3233 491 3280 et
513 3231 638 3282 tremore
662 3234 754 3283 terrae
779 3223 863 3301 quasi
884 3222 983 3299 repelli
1008 3222 1188 3281 videbamus.

191 3323 276 3381 Certe
301 3330 480 3397 processerat
501 3321 566 3379 litus
586 3322 734 3397 multaque
759 3323 893 3380 animalia
917 3321 1006 3381 maris
1030 3321 1113 3380 siccis
1136 3320 1188 3380 ha·

190 3422 266 3479 renis
294 3419 448 3477 detinebat.
499 3419 547 3476 Ab
569 3419 659 3477 altero
681 3420 770 3476 latere
792 3422 885 3478 nubes
908 3432 969 3479 atra
990 3431 1020 3477 et
1042 3420 1189 3478 horrenda

190 3519 268 3594 ignei
292 3520 405 3594 spiritus
427 3518 509 3576 tortis
530 3519 702 3594 vibratisque
724 3517 900 3578 discursibus
922 3530 1005 3596 rupta
1027 3520 1057 3576 in
1082 3519 1187 3594 longas

190 3616 373 3674 flammarum
397 3615 502 3692 figuras
528 3616 710 3678 dehiscebat:
745 3615 904 3695 fulguribus
930 3619 994 3677 illae
1022 3627 1050 3676 et
1079 3617 1188 3678 similes
1198 3636 1233 3686 35
