2636 3980
179 170 221 232 24
445 163 468 212 A
492 124 816 213 saraorrorvrxom
836 161 905 212 rna

177 325 245 383 licet
265 324 374 383 tribuas
401 323 427 382 ei
452 333 592 400 quantum
620 322 831 399 amplissimum
858 330 952 399 potes,
977 321 1047 380 nihil
1074 330 1173 380 tamen

178 423 302 499 amplius
331 431 416 499 potes
448 422 574 480 amicitia
604 431 672 494 tua;
708 423 789 481 cuius
821 441 884 482 esse
916 440 983 481 eum
1014 439 1107 498 usque
1135 421 1172 480 ad
1186 437 1218 487 3ο

177 523 309 581 intimam
330 520 550 579 familiaritatem
573 538 712 598 capacem
737 539 795 598 quo
817 523 910 597 magis
931 510 1031 594 scires.
1050 520 1173 580 breviter

177 621 230 680 tibi
260 620 362 690 studia,
391 637 496 691 mores,
526 637 645 678 omnem
674 620 798 698 denique
826 621 914 679 vitam
942 620 1004 679 eius
1035 618 1172 697 expressi.

177 719 373 779 Extenderem
387 737 498 795 preces,
514 719 568 778 nisi
590 728 618 778 et
636 728 667 778 tu
685 720 782 799 rogari
801 719 851 778 diu
871 720 973 791 nolles,
988 729 1017 778 et
1038 736 1094 795 ego
1113 726 1174 776 tota

178 819 236 878 hoc
256 817 378 895 epistula
397 817 547 877 fecissem:
569 827 652 893 rogat
668 817 756 890 enim,
776 828 805 878 et
826 819 945 896 quidem
967 817 1172 887 efficacissime,

177 917 229 994 qui
242 915 336 976 reddit
350 934 452 978 causas
466 916 599 992 rogandi.
640 914 721 974 Vale.
1187 931 1218 982 35

496 1155 552 1210 20.
594 1147 722 1228 (BOOK
746 1169 772 1209 a.
798 1148 856 1229 14.)

211 1281 284 1346 Pliny
295 1280 431 1344 complains
447 1279 502 1328 that
514 1279 555 1328 the
566 1279 726 1328 centumviral
737 1286 814 1339 court,
826 1279 852 1329 in
862 1279 943 1330 which
954 1279 993 1328 his
1004 1279 1112 1346 practice
1122 1275 1174 1334 lies,

178 1364 199 1413 is
214 1363 289 1427 being
305 1363 403 1426 rapidly
415 1361 577 1410 deteriorated
594 1360 627 1424 by
645 1361 687 1410 the
703 1361 819 1425 audacity
835 1361 864 1411 of
875 1363 916 1412 the
931 1377 1041 1428 younger
1055 1360 1174 1426 pleaders,

178 1445 228 1494 aud
239 1445 281 1495 the
292 1444 351 1509 paid
362 1444 481 1508 applause
493 1442 522 1492 oi
529 1442 592 1491 their
603 1442 727 1493 audience.

469 1581 494 1623 C·
516 1581 627 1621 PLINIUS
647 1581 764 1625 MAXIMO
785 1582 838 1625 SUO
859 1583 881 1624 S.

218 1704 330 1763 Verum
349 1702 496 1779 opinaris:
522 1701 679 1777 distringor
700 1705 951 1764 centumviralibus
972 1703 1074 1774 causis,
1096 1719 1172 1779 quae
1258 1775 1263 1784 Ι
1307 1701 1308 1710 ’

178 1820 226 1862 me
247 1811 383 1862 exercent
403 1802 497 1876 magis
518 1818 606 1877 quam
628 1798 780 1862 delectant.
822 1803 896 1862 Sunt
917 1804 996 1862 enim
1016 1793 1172 1879 pleraeque

123 1957 129 1970 ,
178 1919 283 1979 parvae
307 1910 336 1960 et
357 1900 465 1960 exiles:
491 1916 556 1958 raro
580 1899 681 1960 incidit
701 1901 746 1959 vel
766 1920 956 1979 personarum
981 1901 1107 1960 claritate
1127 1901 1173 1959 vel

178 2001 289 2076 negotii
314 1998 512 2076 magnitudine
534 1999 663 2075 insignis.
713 1999 763 2058 Ad
785 2000 842 2059 hoc
866 2001 950 2077 pauci
977 2018 1044 2058 cum
1066 1999 1172 2075 quibus

177 2099 255 2160 iuvet
283 2099 393 2158 dicere:
426 2099 511 2158 ceteri
535 2100 661 2158 audaces
684 2110 769 2176 atque
794 2102 881 2160 etiam
903 2118 1011 2178 magna
1033 2120 1069 2160 ex
1091 2109 1199 2176 partes

178 2196 383 2257 adulescentuli
404 2197 519 2256 obscuri
541 2197 579 2256 ad
598 2197 819 2258 declamandum
839 2199 895 2260 huc
915 2200 1097 2270 transierunt,
1111 2207 1171 2256 tam

178 2297 370 2355 inreverenter
384 2306 412 2354 et
425 2303 543 2368 temere,
554 2305 586 2354 ut
600 2297 670 2354 mihi
684 2297 788 2356 Atilius
803 2309 901 2357 noster
915 2317 1051 2375 expresse
1065 2298 1171 2356 dixisse

178 2394 307 2453 videatur
324 2395 365 2453 sic
385 2397 416 2453 in
437 2394 500 2453 foro
521 2412 627 2471 pueros
649 2414 666 2453 a
687 2397 940 2456 centumviralibus
962 2397 1055 2456 causis
1077 2395 1172 2472 auspi-

178 2497 245 2568 cari,
265 2505 298 2554 ut
318 2495 356 2553 ab
376 2494 510 2554 Homero
531 2495 561 2552 in
582 2494 697 2554 scholis.
739 2493 818 2555 Nam
838 2495 886 2556 hic
908 2514 1032 2574 quoque,
1053 2505 1085 2553 ut
1105 2495 1172 2567 illic,

178 2597 304 2672 primum
325 2594 422 2670 coepit
443 2611 506 2652 esse
528 2593 607 2670 quod
628 2595 789 2653 maximum
813 2605 864 2654 est.
908 2594 948 2654 At
968 2595 1084 2654 hercule
1105 2604 1172 2654 ante
1187 2611 1219 2647 10

179 2693 350 2753 memoriam
371 2711 468 2751 meam
483 2690 534 2770 (ita
554 2692 679 2751 maiores
700 2703 769 2751 natu
790 2693 885 2752 solent
906 2691 1013 2773 dicere)
1028 2712 1065 2752 ue
1087 2695 1172 2753 nobi-

177 2793 294 2852 lissimis
308 2792 427 2868 quidem
441 2791 672 2850 adulescentibus
682 2791 764 2850 locus
778 2803 839 2850 erat
850 2793 905 2852 nisi
916 2791 1012 2870 aliquo
1027 2793 1173 2853 consulari

178 2890 375 2968 producente:
397 2900 477 2949 tanta
490 2889 674 2948 veneratione
688 2889 913 2966 pulcherrimum
927 2910 1002 2968 opus
1016 2890 1172 2952 colebatur.

178 2989 267 3050 Nunc
281 2990 409 3049 refractis
423 2990 541 3067 pudoris
562 3000 591 3049 et
609 2990 782 3048 reverentiae
804 2990 933 3050 claustris
954 2991 1053 3051 omnia
1071 3001 1173 3070 patent

179 3090 323 3162 omnibus,
345 3107 401 3148 nec
422 3088 603 3160 inducuntur,
622 3087 674 3146 sed
694 3088 871 3166 inrumpunt.
913 3088 1077 3166 Sequuntur
1091 3090 1172 3149 audi·
1188 3115 1219 3166 15

178 3201 256 3250 tores
271 3188 416 3248 actoribus
431 3186 548 3258 similes,
564 3187 702 3246 conducti
716 3198 744 3247 et
758 3187 919 3264 redempti:
940 3205 1080 3265 manceps
1101 3206 1172 3247 con-

178 3288 304 3348 venitur:
333 3289 363 3346 in
385 3286 482 3347 media
504 3286 623 3346 basilica
646 3297 706 3346 tam
733 3286 829 3365 palam
854 3285 999 3364 sportulae
1027 3305 1114 3365 quam
1141 3289 1172 3346 in

178 3386 299 3445 trIclinio
321 3385 439 3445 dantur:
462 3403 499 3444 ex
518 3386 625 3444 iudicio
641 3386 671 3444 in
692 3385 829 3444 iudicium
847 3385 909 3461 pari
925 3385 1058 3446 mercede
1079 3396 1171 3446 trans-

178 3484 242 3542 itur.
283 3484 357 3544 Inde
382 3485 439 3542 iam
464 3502 525 3544 non
549 3485 690 3543 inurbane
716 3488 857 3558 Σοφοκλεῖς
876 3495 1016 3545 vocantur
1037 3480 1100 3566 [ἀπὸ
1124 3491 1171 3543 τοῦ
1307 3543 1308 3550 ¹

182 3586 271 3660 σοφῶς
294 3585 334 3641 καὶ
358 3577 521 3664 καλεῖσθαι];
548 3583 643 3644 isdem
667 3583 788 3644 latinum
810 3605 921 3647 nomen
942 3586 1102 3664 inpositum
1127 3595 1219 3648 estro
1307 3613 1308 3616 ¹
