2636 3980
194 185 353 234 LETTERS
377 185 421 233 OF
443 186 472 235 C.
488 186 634 233 PLINIUS
657 185 842 234 CAECILIUS
863 188 1055 239 SECUNDUS.
1094 174 1132 236 61

139 343 215 403 tibus
243 345 331 404 dediti
360 347 441 424 quasi
471 347 501 404 in
530 347 607 405 diem
638 347 736 404 vivunt
763 347 875 406 vivendi
903 366 1004 406 causas
1033 347 1138 406 cotidie

139 442 241 502 finiunt
249 463 257 516 ;
300 446 349 521 qui
384 464 452 504 vero
487 455 621 521 posteros
656 446 785 520 cogitant
823 455 852 504 et
887 448 1059 504 memoriam
1095 446 1138 503 sui

137 544 274 617 operibus
302 544 470 615 extendunt,
492 544 536 602 hIs
560 543 640 602 nulla
666 561 746 602 mors
768 562 830 603 non
857 545 1007 620 repentina
1031 554 1083 615 est,
1106 554 1138 601 ut

139 658 212 715 quae
233 659 348 718 semper
369 641 537 701 inchoatum
560 642 668 717 aliquid
692 644 853 717 abrumpat.
903 641 995 700 Gaius
1019 642 1138 717 quidem

100 761 130 794 20
138 738 267 798 Fannius
295 741 376 816 quod
404 742 508 800 accidit
541 742 633 800 multo
654 750 727 800 ante
754 742 922 817 praesensit.
978 741 1067 800 Visus
1094 752 1138 800 est

139 837 192 895 sibi
220 857 272 914 per
306 849 478 898 nocturnam
506 843 633 916 quietem
665 841 758 898 iacere
786 840 816 896 in
844 840 949 898 lectulo
979 857 1032 898 sno
1057 857 1137 898 com-

138 936 250 1010 positus
271 938 301 996 in
324 937 454 997 habitum
480 939 630 1010 studentis,
652 937 759 996 habere
784 947 851 996 ante
872 957 903 996 se
925 939 1062 996 scrinium
1087 935 1139 1016 (ita

139 1031 279 1113 solebat):
315 1055 385 1095 mox
413 1039 588 1113 imaginatus
620 1049 663 1096 est
691 1038 804 1097 venisse
833 1036 991 1108 Neronem,
1016 1038 1047 1094 in
1071 1046 1137 1094 toro

138 1133 288 1206 resedisse,
313 1136 491 1210 prompsisse
518 1137 644 1211 primum
669 1137 773 1194 librum
801 1153 889 1213 quem
918 1135 954 1193 de
982 1136 1137 1194 sceleribus

97 1231 200 1300 25eius
235 1232 364 1293 ediderat
390 1253 515 1311 eumque
550 1236 586 1293 ad
622 1245 784 1294 extremum
812 1234 973 1306 revolvisse,
1001 1235 1080 1293 idem
1108 1234 1139 1291 in

138 1331 268 1391 secundo
291 1351 325 1392 ac
348 1335 431 1393 tertio
454 1332 564 1405 fecisse,
588 1343 657 1392 tunc
680 1334 783 1392 abisse.
825 1333 950 1408 Expavit
974 1343 1003 1391 ct
1028 1333 1068 1391 sic
1093 1333 1137 1388 in-

137 1440 310 1506 terpretatus
334 1443 386 1502 est,
409 1444 557 1509 tamquam
581 1432 659 1492 idem
682 1433 736 1490 sibi
760 1431 871 1490 futurus
896 1441 971 1490 esset
994 1431 1137 1490 scribendi

112 1529 212 1600 dinis,
241 1532 291 1608 qui
326 1531 426 1590 luisset
460 1532 499 1589 illi
531 1532 656 1608 legendi,
686 1542 715 1590 et
742 1531 794 1590 fuit
829 1531 915 1589 idem.
973 1529 1062 1602 Quod
1089 1547 1137 1586 me

136 1630 340 1688 recordantem
360 1630 506 1688 miseratio
532 1632 616 1702 subit,
641 1641 782 1707 quantum
805 1631 972 1707 vigiliarum,
996 1638 1138 1706 quantum

95 1743 128 1789 30
136 1727 244 1786 laboris
266 1729 429 1788 exhauserit
451 1723 560 1787 lru'stra
613 1729 778 1789 Occursant
799 1730 899 1787 animo
921 1747 987 1786 mea
1010 1728 1138 1788 mortali-

136 1837 189 1898 taS,
204 1846 271 1886 mea
290 1828 403 1903 scripta.
446 1826 510 1885 Nec
529 1828 629 1886 dubito
649 1839 677 1887 te
699 1846 816 1904 quoque
838 1827 940 1885 eadem
960 1827 1136 1901 cogitatione

136 1927 236 1984 terreri
264 1944 317 2002 pro
341 1927 402 1986 istis
425 1945 499 2002 quae
523 1927 595 1984 inter
622 1945 728 1984 manus
754 1926 853 1984 habes
911 1924 1036 1982 Proinde
1066 1925 1137 1982 dum

136 2027 264 2101 suppetit
297 2026 363 2098 vita,
395 2027 538 2085 enitamur
566 2034 597 2083 ut
624 2043 704 2084 mors
732 2043 821 2101 qnam
857 2023 1032 2100 paucissima
1060 2042 1136 2101 quae

137 2125 259 2204 abolere
273 2126 367 2202 possit
388 2125 522 2184 inveniat.
564 2123 647 2182 Vale.

462 2367 513 2424 47.
556 2359 684 2440 (Boou
707 2377 734 2437 5.
759 2359 817 2438 ιο.)
847 2347 904 2477 4

170 2494 243 2558 Pliny
253 2496 315 2559 begs
331 2494 463 2543 Suetonius
474 2510 508 2542 no
518 2493 605 2557 longer
617 2501 644 2542 to
660 2493 733 2557 delay
744 2493 786 2543 the
801 2493 955 2557 publication
967 2490 997 2540 of
1008 2491 1047 2540 his
1058 2491 1135 2548 work,

135 2578 175 2627 for
189 2578 271 2627 which
287 2579 319 2627 he
336 2593 392 2640 says
404 2578 436 2626 he
448 2577 493 2625 has
508 2577 582 2625 made
596 2576 698 2625 himself
707 2576 859 2640 responsible
872 2576 906 2638 by
922 2589 991 2623 some
1007 2589 1087 2623 verses
1104 2575 1136 2622 he

135 2661 180 2709 has
192 2661 296 2710 written.
1117 2657 1121 2672 '

312 2799 337 2839 C.
358 2797 471 2839 PLINIUS
490 2798 634 2840 SUETONIO
656 2797 843 2847 TRANQUILLO
864 2795 918 2837 SUO
939 2796 961 2837 S.

176 2913 282 2972 Libera
308 2913 428 2972 tandem
454 2905 764 2990 hendecasyllaborum
798 2930 932 2971 meorum
960 2911 1056 2984 fidem,
1086 2913 1135 2989 qui

134 3011 242 3087 scripta
255 3021 304 3070 tua
323 3012 528 3069 communibus
549 3011 650 3070 amicis
671 3011 901 3087 spoponderunt.
943 3010 1135 3088 Appellantur

134 3109 240 3169 cotidIe
262 3119 290 3168 et
311 3109 484 3186 flagitantur,
499 3127 533 3166 ac
552 3109 611 3167 iam
631 3109 791 3184 periculum
813 3118 857 3167 est
878 3127 916 3167 ne
936 3119 1079 3185 cogantur
1098 3108 1135 3167 ad

133 3209 332 3267 exhibendum
354 3207 509 3268 formulam
531 3209 674 3283 accipere.
726 3207 797 3266 Sum
822 3208 939 3284 etipse
963 3207 993 3264 in
1019 3206 1134 3265 edendo

110 3308 299 3378 5haesitator‚
325 3315 356 3364 tu
384 3317 483 3366 tamen
510 3325 607 3365 meam
631 3324 749 3383 quoque
774 3306 990 3364 cunctadonem
1017 3305 1134 3364 tardita-

133 3417 253 3482 temque
278 3405 378 3464 vicisti.
420 3405 546 3463 Proinde
571 3415 620 3463 aut
648 3423 751 3481 rumpe
779 3407 837 3464 iam
865 3422 962 3463 moras
990 3412 1039 3460 aut
1066 3422 1136 3461 cave

132 3523 170 3563 ne
185 3504 306 3562 eosdem
320 3505 391 3562 istos
404 3504 525 3575 libellos,
541 3523 616 3580 quos
631 3505 681 3562 tibi
700 3503 933 3580 hendecasyllabi
947 3502 1039 3560 nostri
1053 3502 1135 3560 blan-

133 3604 210 3664 ditiis
233 3605 334 3663 elicere
358 3621 420 3664 non
448 3613 578 3680 possunt,
604 3604 736 3664 convicio
761 3614 913 3664 scazontes
935 3609 1135 3701 extorqueant.
