2636 3980
183 175 343 225 lETTERS
366 176 409 225 OF
432 177 460 226 G.
477 174 623 224 PLINIUS
645 175 831 223 CAECILJUS
853 173 1043 223 SECUNDUS.
1076 173 1117 245 35

129 337 211 395 candi
232 355 328 409 causa,
344 337 395 396 sed
415 337 558 408 studendi,
574 337 669 394 statim
684 355 702 394 a
718 345 804 394 nocte
825 334 922 405 multa,
938 334 1033 394 hieme
1048 350 1118 391 vero

129 437 163 493 ab
184 436 255 494 hora
277 438 408 513 septima,
430 437 474 494 vel
499 455 565 494 cum
596 435 765 506 tardissime,
787 445 897 504 octava,
920 452 1007 509 saepe
1029 444 1117 492 sexta.

92 557 120 604 30
129 533 196 593 Erat
223 554 293 594 sane
322 537 417 593 somni
446 535 625 612 paratissimi,
655 553 715 592 non
743 541 903 610 ‘numquam
932 534 1018 591 etiam
1047 533 1119 589 inter

127 635 188 709 ipsa
216 634 309 693 studia
336 635 467 692 instantis
495 644 523 692 et
552 633 716 693 deserentis.
767 632 844 691 Ante
872 632 966 690 lucem
995 633 1053 689 ibat
1082 630 1119 688 ad

127 731 337 808 Vespasianum
356 733 557 808 imperatorem
572 731 653 812 (nain
673 731 717 790 ille
732 748 848 808 quoque
868 731 1001 790 noctibus
1021 730 1119 788 uteba·

127 828 191 910 tur),
213 831 282 890 inde
308 831 345 889 ad
374 832 538 906 delegatum
567 831 620 890 sibi
642 831 778 889 officium.
822 827 967 889 Reversus
989 831 1118 897 domum,

127 930 205 1007 quod
233 931 375 1005 reliquum
403 931 550 1006 temporis,
580 930 682 989 studiis
715 930 863 989 reddebat.
916 930 987 987 Post
1021 929 1119 987 cibum

89 1049 118 1097 35
128 1046 221 1103 saepe,
257 1046 345 1104 quem
379 1029 502 1087 interdiu
536 1029 629 1087 levem
663 1039 692 1087 et
727 1029 841 1087 facilem
875 1037 1002 1086 veterum
1038 1044 1119 1084 more

128 1127 265 1195 sumebat,
282 1138 397 1198 aestate,
413 1129 507 1204 siquid
526 1129 583 1199 otii,
601 1129 713 1186 iacebat
734 1128 764 1185 in
785 1128 854 1199 sole,
870 1129 941 1186 liber
961 1128 1118 1202 legebatur,

127 1225 284 1283 adnotabat
319 1227 555 1302 excerpebatque.
613 1227 692 1285 Nihil
727 1227 805 1284 enim
840 1225 909 1302 legit
943 1226 1022 1302 quod
1058 1243 1118 1283 non

128 1334 310 1400 excerperet:
343 1325 438 1382 dicere
460 1327 547 1382 etiam
576 1325 687 1384 solebat
715 1326 825 1383 nullum
850 1343 914 1384 esse
935 1327 1037 1383 librum
1059 1334 1119 1381 tam

127 1421 243 1489 malum,
258 1433 289 1480 ut
304 1440 364 1480 non
379 1423 474 1498 aliqua
488 1434 573 1498 parte
593 1424 752 1499 prodesset.
796 1425 866 1483 Post
886 1424 976 1482 solem
995 1423 1119 1499 plerum-

86 1538 183 1596 40que
204 1519 307 1596 frigida
327 1521 491 1580 lavabatur:
515 1523 619 1598 deinde
641 1526 775 1598 gustabat
796 1524 1015 1598 dormiebatque
1037 1521 1120 1578 mini-

127 1636 225 1676 mum:
248 1637 318 1676 mox
333 1621 415 1696 quasi
430 1621 486 1678 alio
501 1621 547 1679 die
562 1623 695 1681 studebat
709 1624 740 1681 in
754 1641 844 1682 cenae
860 1633 984 1698 tempus.
1028 1620 1120 1696 Super

126 1715 201 1774 hanc
222 1716 293 1775 liber
313 1716 468 1793 legebatur,
490 1719 690 1790 adnotabatur‚
712 1730 740 1778 et
761 1721 878 1798 quidem
899 1720 1012 1779 cursim.
1055 1717 1119 1778 Me·

126 1816 197 1874 mini
222 1816 368 1892 quendam
392 1836 428 1876 ex
456 1818 563 1889 amicis,
586 1837 653 1876 cum
678 1820 769 1877 lector
797 1819 940 1895 quaedam
967 1837 1120 1894 perperam

127 1917 348 1990 pronuntiasset,
369 1934 520 1975 revocasse
542 1927 570 1975 et
591 1919 682 1992 repeti
704 1918 842 1994 coegisse,
857 1917 923 1976 huic
945 1917 1119 1975 avunculum

84 2031 116 2078 45
127 2030 224 2070 meum
253 2014 359 2073 dixisse
388 2015 585 2074 ‘intellexeras
613 2014 751 2091 nempei'
788 2034 855 2074 cum
886 2015 941 2074 itte·
965 2013 1119 2085 adnuisset,

127 2115 197 2170 ‘cur
217 2130 286 2188 ergo
305 2115 483 2174 revocabas?
506 2115 608 2173 decem
628 2114 750 2191 amplius
771 2133 869 2174 versus
890 2115 945 2174 hac
965 2123 1015 2172 tua
1035 2113 1120 2171 inter-

127 2209 282 2284 pellatione
314 2209 507 2288 perdidimus!
558 2212 654 2272 Tanta
683 2224 742 2272 erat
769 2213 945 2291 parsimonia
972 2211 1119 2289 temporis.

128 2306 270 2384 Surgebat
291 2320 398 2369 aestate
420 2330 437 2370 a
458 2329 531 2369 cena
550 2312 622 2383 luce,
645 2311 739 2370 hieme
768 2313 842 2370 intra
869 2312 992 2388 primam
1017 2309 1119 2381 noctis,

127 2416 156 2464 et
171 2415 319 2483 tamquam
334 2408 429 2484 aliqua
448 2409 512 2485 lege
527 2422 658 2486 cogente.
694 2410 779 2469 Haec
793 2411 866 2468 inter
880 2409 992 2468 medios
1006 2407 1121 2466 labores

84 2534 118 2583 50
128 2506 263 2581 urbisque
278 2504 431 2566 fremitum.
473 2507 509 2565 ln
524 2527 639 2567 secessu
654 2509 749 2568 solum
762 2509 869 2567 balinei
887 2518 1002 2583 tempus
1021 2506 1121 2565 studiis

125 2605 325 2663 eximebatur:
348 2624 416 2664 curn
434 2606 499 2664 dico
517 2607 631 2678 balinei,
649 2608 685 2666 de
707 2609 888 2675 interioribus
909 2607 1030 2682 loquor;
1052 2623 1121 2663 nam

127 2703 198 2760 dum
220 2702 404 2778 destringitur
425 2706 610 2782 tergiturque,
632 2707 767 2765 audiebat
787 2706 895 2783 aliquid
917 2715 966 2764 aut
987 2705 1119 2763 dictabat.
1158 2757 1166 2778 ,

126 2799 164 2858 In
185 2802 285 2859 itinere
307 2802 389 2877 quasi
411 2803 519 2863 solutus
540 2805 641 2863 ceteris
663 2807 737 2864 curis
757 2806 822 2864 huic
849 2806 899 2864 uni
920 2805 1055 2864 vacabat:
1083 2803 1121 2862 ad

125 2902 200 2959 latus
220 2901 348 2960 notarius
367 2919 433 2960 cum
453 2903 525 2961 libro
546 2915 574 2963 et
593 2905 786 2980 pugillaribus,
805 2905 885 2964 cuius
903 2922 1007 2963 manus
1026 2904 1121 2962 hieme

81 3023 113 3072 55
125 3001 249 3059 manicis
277 3002 488 3073 muniebantur,
510 3011 541 3060 ut
568 3022 605 3062 ne
627 3004 698 3062 caeli
722 3003 839 3080 quidem
866 3004 1004 3079 asperitas
1031 3003 1121 3060 ullum

125 3100 229 3159 studiis
248 3108 363 3177 tempus
383 3101 518 3176 eriperet:
544 3120 602 3178 qua
620 3120 655 3159 ex
675 3120 762 3160 causa
782 3101 895 3160 Romae
915 3119 1031 3178 quoque
1053 3101 1122 3160 sella

124 3198 291 3257 vehebatur.
334 3197 449 3275 Repeto
471 3218 518 3258 me
540 3211 704 3276 correptum
732 3201 769 3258 ab
790 3218 826 3260 eo
847 3220 898 3260 cur
926 3199 1121 3260 ambularem:

125 3295 275 3374 ‘poteras'
288 3296 380 3374 inquit
396 3297 463 3357 ‘has
484 3299 570 3358 horas
590 3318 649 3358 non
669 3299 789 3376 perdere
798 3299 819 3373 ;'
841 3319 910 3358 nam
924 3301 1018 3376 perire
1033 3315 1121 3358 omne

123 3408 243 3474 tempus
265 3397 460 3469 arbitrabatur,
482 3398 561 3474 quod
582 3399 682 3458 studiis
708 3416 768 3457 non
789 3398 1012 3475 impenderetur.
1054 3397 1121 3457 Hac

80 3512 115 3562 σο
125 3497 290 3555 intentione
310 3506 353 3555 tot
369 3496 423 3555 ista
441 3497 588 3556 volumina
607 3497 718 3574 peregit
737 3497 952 3574 electorumque
972 3515 1122 3557 commen·

125 3595 218 3655 tarios
258 3606 374 3654 centum
414 3597 563 3672 sexaginta
606 3595 676 3654 mihi
718 3596 839 3673 reliquit,
877 3595 1122 3674 opisthographos

604 3713 655 3755 na
