2626 3976
187 209 346 258 LETTERS
371 211 414 258 OF
437 212 465 263 C.
481 210 628 258 PLINIUS
650 209 835 258 CAECILIUS
856 211 1046 264 SECUNDUS.
1078 214 1118 280 97

122 367 371 427 modestissimum
398 369 554 439 adfectum,
582 387 656 445 quas
684 379 835 428 contentas
864 389 928 430 esse
961 373 1119 434 admonere

74 474 108 523 80
123 475 256 523 senatum
284 467 395 526 Publici
425 467 503 525 Certi
535 476 669 526 cruentae
704 468 876 527 adulationis
904 480 933 528 et
959 481 1066 545 petere,
1096 474 1120 532 si

122 581 219 639 poena
246 565 346 641 flagitii
373 566 598 624 manifestissimi
633 567 799 638 remittatur,
828 577 898 625 nota
932 580 1007 628 certe
1037 574 1120 647 quasi

123 664 256 722 censoria
276 665 412 723 inuratur.
445 665 525 723 Tum
548 664 656 723 Satrius
682 664 776 724 Rufus
801 666 898 724 medio
924 668 1120 745 ambiguoque

123 781 258 821 sermone
288 762 392 839 ‘puto'
421 765 515 841 inquit
551 765 701 823 ‘iniuriam
729 764 836 823 factam
865 764 1005 828 Publicio¹
1023 767 1119 838 Certo,

123 862 148 919 si
181 879 242 920 non
270 863 443 921 absolvitur:
483 863 650 921 nominatus
685 871 728 920 est
762 864 801 920 ab
836 863 936 922 amicis
965 865 1064 924 Arriae
1092 877 1121 924 et

74 965 108 1026 85
122 958 261 1031 Fanniae,
283 962 451 1020 nominatus
470 964 507 1020 ab
528 962 628 1020 amicis
649 963 716 1020 suis.
759 960 824 1020 Nec
844 961 985 1022 debemus
1010 965 1121 1023 solliciti

123 1076 204 1116 esse:
234 1059 323 1117 iidem
345 1061 424 1118 enim
447 1079 511 1132 nos,
533 1061 583 1136 qui
607 1062 684 1119 bene
709 1061 848 1119 sentimus
873 1061 910 1119 de
938 1061 1067 1135 homine,
1093 1073 1123 1122 et

122 1157 275 1215 iudicaturi
300 1175 416 1217 sumus:
447 1160 472 1218 si
492 1160 635 1217 innocens
656 1169 708 1230 est,
734 1153 807 1217 sicut
828 1169 857 1218 et
882 1170 1019 1236 spernet
1042 1162 1120 1221 malo

123 1265 161 1325 et,
176 1256 271 1315 donec
285 1257 393 1333 aliquid
408 1258 555 1334 probetur,
571 1257 668 1328 cred0,
682 1258 812 1332 poteritis
828 1256 993 1316 absolvere?
1036 1258 1120 1317 Haec

123 1353 171 1425 illi,
193 1373 253 1430 quo
274 1358 397 1432 quisque
418 1357 519 1417 ordine
541 1358 709 1416 citabantur.
751 1356 875 1416 Venitur
896 1357 934 1415 ad
955 1376 1020 1416 me:
1050 1377 1121 1417 con-

74 1476 109 1526 90
123 1470 222 1528 surgo,
250 1464 316 1512 utor
343 1455 424 1513 initio
452 1456 532 1532 quod
560 1456 589 1512 in
616 1456 689 1513 libro
717 1466 769 1525 est,
798 1457 963 1531 respondeo
993 1457 1121 1533 singulis.

123 1551 233 1611 Mimm
252 1572 311 1629 qua
330 1555 498 1627 intentione,
513 1557 619 1631 quibus
641 1555 815 1614 clamoribus
835 1556 936 1614 omnia
956 1558 1122 1633 exceperint

123 1650 173 1726 qui
196 1653 286 1710 modo
309 1649 520 1712 reclamabant:
551 1663 630 1712 tanta
652 1655 802 1713 conversio
827 1653 871 1712 vel
896 1656 1006 1730 negotii
1028 1656 1122 1733 digni·

123 1759 214 1807 tatem
249 1752 293 1809 vel
327 1762 500 1828 proventum
535 1752 673 1811 orationis
707 1752 751 1809 vel
788 1753 892 1810 actoris
928 1755 1121 1813 constantiam

123 1848 277 1907 subsecuta
301 1860 353 1908 est.
403 1850 506 1909 Finio:
538 1852 639 1928 incipit
660 1851 835 1925 respondere
858 1849 999 1909 Veiento:
1032 1871 1121 1912 nemo

76 1967 109 2016 95
123 1946 249 2023 patitur:
286 1950 462 2021 obturbatur,
491 1951 673 2025 obstrepitur,
702 1949 776 2007 adeo
804 1949 921 2025 quidem
954 1960 985 2008 ut
1014 1949 1122 2011 diceret

124 2052 223 2122 ‘rog0‚
249 2057 345 2123 patres
368 2048 533 2126 conscripti,
555 2067 593 2106 ne
614 2066 661 2106 me
685 2047 795 2123 cogatis
817 2047 962 2124 inplorare
984 2049 1122 2109 auxilium

123 2145 322 2203 tribunomm!
377 2146 415 2205 Et
443 2147 538 2205 statim
567 2145 691 2204 Murena
719 2145 850 2204 tribunus
878 2148 1034 2222 ‘permitto
1063 2150 1122 2222 tibi,

124 2245 166 2300 vir
191 2243 347 2302 clarissime
370 2244 505 2316 Veieut0,
531 2245 644 2304 dicere!
686 2243 773 2303 Tunc
798 2262 915 2321 quoque
942 2248 1121 2307 reclamatur.

124 2341 204 2400 Inter
224 2359 321 2400 moras
340 2344 441 2401 consul
463 2345 554 2403 citatis
575 2345 742 2403 nominibus
763 2353 791 2402 et
810 2354 927 2419 peracta
946 2346 1123 2405 discessione

59 2462 111 2496 100
124 2442 209 2499 mittit
243 2451 376 2501 senatum
411 2461 445 2502 ac
474 2462 568 2519 paene
596 2443 690 2502 adhuc
722 2451 846 2502 stantem
874 2451 1123 2520 temptantemque

124 2539 220 2600 dicere
231 2539 426 2600 Veientonem
440 2543 560 2618 reliquit.
604 2542 731 2602 Multum
744 2541 792 2599 ille
806 2541 842 2600 de
856 2541 911 2600 hac
927 2539 978 2621 (ita
988 2544 1122 2622 vocabat)

124 2635 443 2716 contumeliaquestus
464 2650 509 2699 est
532 2639 795 2700 Homericovversu

267 2739 287 2794 ὦ
307 2740 393 2812 γέρον,
413 2739 428 2809 ἦ
449 2743 520 2810 μάλα
540 2739 571 2810 δή
593 2763 625 2796 σε
645 2739 696 2794 νέοι
716 2741 830 2811 τείρουσι
851 2737 969 2811 μαχηταί.

123 2835 196 2896 Non
224 2835 283 2896 sere
312 2839 466 2914 quisquam
495 2837 525 2894 in
560 2847 664 2897 senatu
694 2836 755 2908 fuit,
784 2838 833 2912 qui
867 2855 928 2896 non
962 2856 1010 2896 me
1045 2857 1124 2897 com-

60 2954 109 3004 105
123 2937 303 3013 plecteretur,
318 2935 532 2994 exoscularetur
551 2936 738 3011 certatimque
758 2935 841 2994 laude
861 2935 1028 3008 cumularet,
1043 2939 1124 3012 quod

123 3036 319 3094 intermissum
333 3035 391 3092 iam
406 3034 455 3094 diu
469 3052 582 3094 morem
591 3035 622 3092 in
633 3034 781 3110 publicum
796 3033 966 3094 consulendi
982 3037 1123 3112 susceptis

123 3133 249 3208 propriis
283 3132 474 3192 simultatibus
509 3132 698 3203 reduxissem,
726 3132 806 3209 quod
836 3132 962 3208 denique
990 3145 1123 3193 senatum

123 3231 233 3290 invidia
257 3229 433 3303 liberassem,
454 3249 512 3308 qua
532 3230 673 3306 flagrabat
694 3230 773 3306 apud
798 3231 915 3289 ordines
937 3230 1018 3301 alios,
1043 3234 1124 3307 quod

123 3341 242 3388 severus
270 3329 300 3386 in
329 3339 441 3388 ceteros
470 3330 652 3389 senatoribus
680 3328 749 3388 solis
778 3328 1006 3387 dissimulatione
1040 3331 1124 3406 quasi

62 3456 110 3491 110
122 3437 226 3487 mutua
246 3437 385 3502 parceret
427 3427 512 3487 Haec
532 3437 595 3487 acta
616 3437 683 3486 sunt
703 3425 822 3484 absente
844 3425 950 3485 Certo:
974 3426 1025 3484 fuit
1044 3429 1123 3488 enim

122 3545 176 3585 seu
204 3525 261 3585 tale
290 3525 398 3601 aliquid
420 3527 581 3602 suspicatus
605 3526 673 3597 sive,
698 3534 730 3583 ut
756 3526 955 3595 excusabatur,
982 3525 1121 3588 infirmus.

123 3627 162 3686 Et
194 3625 366 3686 relationem
401 3625 519 3704 quidem
554 3627 591 3686 de
622 3643 659 3683 eo
687 3623 796 3686 Caesar
830 3625 867 3684 ad
901 3635 1034 3685 senatum
1061 3646 1123 3687 non

623 3745 643 3784 u
