2626 3976
152 169 311 262 LETTSRS
335 213 380 261 OF
401 212 431 263 0.
446 211 594 258 PLINIUS
617 210 808 259 CAECILIUS.
826 209 1020 262 SECUNDUS.
1052 215 1113 282 103

66 389 97 423 20
110 369 183 430 liber
196 370 315 447 legitur:
345 379 412 448 post
431 389 534 429 cenam
554 369 714 428 comoedus
734 379 783 427 aut
800 369 928 446 lyristes:
958 388 1029 428 mox
1044 388 1112 427 cum

110 472 183 529 meis
207 471 335 541 ambu10‚
358 488 483 546 quorum
508 471 538 528 in
560 487 684 527 numero
708 478 775 526 sunt
797 469 908 527 eruditi.
958 468 1003 527 Ita
1027 470 1112 527 variis

110 571 294 628 sermonibus
321 588 441 646 vespera
468 568 630 628 extenditur
660 577 689 626 et
717 586 895 644 quamquam
923 569 1111 644 longissimus

111 669 174 727 dies
199 669 258 726 cito
280 668 423 726 conditur.
465 666 537 726 Non
564 684 725 742 numquam
749 685 786 725 ex
808 667 865 726 hoc
890 667 991 726 ordine
1016 668 1113 744 aliqua

110 776 264 824 mutantur.
316 765 395 824 Nam
420 766 445 824 si
468 766 518 824 diu
541 765 615 823 iacui
638 766 688 824 vel·
707 764 859 837 ambulavi,
882 776 950 843 post
975 784 1112 824 somnum

67 885 96 932 ²5
112 865 232 922 demum
252 863 466 940 lectionemque
487 882 548 922 non
567 863 708 935 vehicu10,
725 864 777 921 sed
798 864 879 939 quod
899 865 1023 935 brevius,
1043 865 1112 942 quia

110 963 248 1032 velocius,
263 981 339 1039 equo
361 974 468 1039 gestor.
510 962 709 1020 Interveniunt
729 962 816 1020 amici
837 981 873 1020 ex
894 964 1035 1038 proximis
1057 981 1112 1039 op·

111 1062 188 1138 pidis
207 1072 378 1139 partemque
399 1061 455 1119 diei
476 1061 514 1119 ad
535 1079 567 1119 se
588 1059 704 1119 trahunt
724 1059 926 1136 interdumque
944 1061 1022 1120 lasso
1040 1061 1112 1121 mihi

111 1169 280 1236 opportuna
292 1159 520 1236 interpellatione
535 1157 717 1218 subveniunt.
758 1156 861 1217 Venor
876 1159 1042 1235 aliquando,
1058 1162 1111 1219 sed

111 1276 173 1317 non
198 1259 260 1318 sine
285 1259 479 1335 pugillaribus,
500 1266 540 1329 ut,
555 1259 687 1334 quamvis
708 1256 779 1314 nihil
800 1258 935 1334 ceperim,
957 1275 1018 1316 non
1040 1258 1111 1316 nihil

66 1378 97 1425 30
111 1357 241 1416 referam.
296 1357 405 1415 Datur·
424 1366 453 1414 et
488 1356 608 1427 colonis,
636 1365 668 1413 ut
702 1355 815 1414 videtur
846 1355 924 1431 ipsis
953 1374 1014 1414 non
1043 1359 1112 1416 satis

110 1456 260 1532 temporis,
285 1473 411 1531 quorum
438 1455 508 1513 mihi
536 1465 664 1530 agrestes
689 1453 833 1530 querellae
861 1453 968 1513 litteras
995 1465 1111 1514 nostras

110 1564 139 1612 et
154 1554 225 1613 haec
240 1555 351 1613 urbana
363 1571 454 1630 opera
468 1553 685 1613 commendant.
729 1549 812 1612 Vale.

432 1743 482 1796 83.
527 1734 657 1815 (BOOK
678 1755 705 1810 9.
730 1734 790 1815 37.)

143 1875 216 1939 Pliny
226 1891 326 1924 excuses
337 1875 440 1925 himself
453 1875 517 1924 from
528 1875 603 1938 being
618 1881 715 1939 present
726 1883 753 1924 at
764 1874 888 1924 Paulinus’
898 1876 1072 1940 inauguration
1083 1894 1111 1927 as

109 1959 203 2016 consul,
220 1975 247 2008 as
263 1958 294 2008 he
310 1959 333 2008 is
349 1959 461 2024 engaged
476 1960 502 2008 in
525 1959 683 2022 rearrangiug
698 1958 741 2007 the
757 1965 833 2008 terms
851 1959 882 2008 os
897 1966 1001 2024 tenancy
1018 1978 1050 2010 on
1072 1961 1112 2011 his

108 2048 207 2090 estates.

401 2128 425 2169 C.
447 2127 559 2169 PLINIUS
580 2129 705 2171 PAULINO
728 2128 783 2169 SUO
803 2129 825 2169 S.

152 2240 217 2300 Nec
246 2250 313 2300 tuae
338 2251 456 2302 naturae
479 2251 523 2300 est
546 2242 718 2302 translaticia
741 2243 813 2302 haec
837 2254 867 2302 et
890 2245 973 2320 quasi
996 2245 1113 2321 publica

109 2340 207 2399 officia
234 2358 252 2398 a
279 2339 466 2400 lanuliaribus
494 2341 595 2400 amicis
629 2352 732 2401 contra
759 2343 891 2418 ipsorum
920 2345 1110 2404 commodum

110 2427 241 2515 exigerej
252 2449 280 2497 et
295 2457 351 2515 ego
366 2449 395 2497 te
410 2440 590 2499 constantius
610 2458 687 2511 am0,
703 2458 792 2515 quam
810 2451 842 2499 ut
856 2460 955 2501 verear
974 2461 1011 2500 ne
1032 2443 1113 2500 aliter

110 2555 145 2596 ac
167 2538 252 2595 velim
274 2538 409 2613 accipias,
430 2539 487 2596 nisi
507 2547 535 2596 te
556 2537 687 2596 kalendis
713 2539 808 2596 statim
830 2541 980 2598 consulem
1002 2542 1110 2612 videro,

81 2661 94 2709 5
109 2638 278 2714 praesertim
294 2656 361 2695 cum
375 2655 423 2695 me
438 2637 595 2696 necessitas
611 2637 802 2696 locandorum
813 2639 999 2714 praediorum
1013 2640 1111 2716 plures

109 2753 205 2794 annos
220 2735 387 2795 ordinatura
401 2735 536 2806 detineat,
547 2736 577 2792 in
592 2754 649 2811 qua
663 2736 733 2793 mihi
748 2755 824 2794 nova
835 2737 955 2796 consilia
969 2741 1112 2806 sumenda

109 2842 185 2892 sunt.
228 2832 307 2893 Nam
330 2833 427 2909 priore
448 2834 549 2905 lustr0,
573 2851 750 2910 quamquam
772 2844 840 2910 post
864 2853 988 2912 magnas
1011 2837 1112 2896 remis-

109 2932 216 3003 siones,
242 2933 352 3008 reliqua
378 2941 546 2990 creverunt:
582 2933 650 2991 inde
679 2933 823 3010 plerisque
851 2933 930 2992 nulla
956 2935 1015 2992 iam
1043 2954 1111 2995 cura

109 3031 261 3090 minuendi
275 3032 348 3090 aeris
363 3031 457 3102 alieni,
473 3030 554 3107 quod
568 3031 723 3106 desperant
733 3049 821 3107 posse
832 3033 957 3107 persolvi
965 3053 973 3104 ;
995 3036 1110 3110 rapiunt

9 3119 10 3126 ἵ
65 3159 95 3192 ιο
108 3132 197 3190 etiam
213 3140 447 3206 consumuntque
467 3128 548 3205 quod
567 3139 669 3187 natum
687 3138 738 3200 est,
754 3139 786 3187 ut
805 3130 854 3204 qui
875 3131 933 3188 iam
955 3141 1057 3208 putent
1079 3150 1112 3190 se

10 3295 11 3300 ἵ
107 3247 171 3288 non
196 3229 250 3287 sibi
273 3247 401 3305 parcere.
444 3227 665 3288 Occrurendum
693 3246 763 3304 ergo
791 3230 1015 3304 augescentibus
1036 3231 1110 3290 vitiis

107 3339 137 3386 et
157 3327 335 3386 medendum
354 3337 405 3386 est.
449 3326 590 3385 Medendi
609 3345 668 3385 una
686 3327 766 3398 ratio,
788 3327 811 3384 si
830 3346 892 3386 non
911 3346 1042 3398 nummo,
1057 3329 1111 3387 sed

107 3427 248 3503 partibus,
264 3425 360 3483 locem
375 3443 410 3483 ac
425 3423 531 3482 deinde
550 3442 587 3482 ex
607 3425 680 3482 meis
703 3425 816 3500 aliquos
838 3426 936 3502 operis
958 3436 1109 3485 exactores

108 3524 246 3584 custodes
260 3523 399 3582 fructibus
418 3541 536 3598 ponam.
578 3523 616 3580 Et
635 3523 742 3600 alioqui
762 3523 872 3582 nullrun
893 3524 994 3582 iustius
1016 3542 1110 3600 genus

66 3648 94 3699 15
107 3623 226 3690 reditus,
252 3640 341 3701 quam
369 3621 449 3700 quod
476 3631 551 3682 terra
579 3623 692 3681 eaelum
721 3641 815 3682 annus
839 3622 935 3681 refert.
983 3622 1025 3682 At
1052 3623 1110 3684 hoc
1172 3683 1174 3688 .
