2636 3980
444 177 467 222 A
492 177 689 225 SELEOTION
707 177 812 223 FROM
833 175 904 222 THE

408 455 411 458 ,
505 403 558 455 45.
600 395 730 475 (BOOK
754 411 781 468 5.
805 393 844 472 a.)

224 528 281 591 Just
292 543 349 576 now
361 527 433 590 Pliny
444 542 490 574 can
502 527 561 575 send
573 526 720 590 Calpurnius
730 527 836 590 nothing
847 527 892 575 but
904 525 995 575 thanks
1006 527 1031 574 iu
1043 532 1124 574 return

573 609 612 658 for
622 610 662 658 his
673 616 779 674 present.
810 633 812 637 v

378 747 403 787 C.
425 747 536 788 PLINIUS
556 746 719 788 CALPURNIO
740 745 851 787 FLACCO
872 746 926 786 SUO
948 745 969 786 S.

215 860 326 936 Accepi
339 861 550 936 pulcherrimos
570 862 679 931 turdos,
697 880 765 918 cum
784 861 889 936 quibus
907 878 1008 937 parem
1030 859 1174 917 calculum

174 977 284 1034 ponere
300 979 355 1018 nec
365 961 443 1019 urbis
458 961 551 1036 copiis
565 979 602 1018 ex
616 959 796 1017 Laurentino
811 978 866 1018 nec
880 959 968 1016 maris
983 969 1042 1016 tam
1053 959 1174 1016 turbidis

174 1059 392 1133 tempestatibus
417 1077 547 1134 possum.
599 1057 735 1135 Recipies
761 1076 832 1133 ergo
851 1056 988 1132 epistulas
1012 1055 1120 1114 steriles
1145 1067 1174 1114 et

174 1155 341 1230 simpliciter
359 1159 486 1233 ingratas
508 1176 542 1216 ac
560 1177 598 1215 ne
619 1157 697 1214 illam
711 1157 830 1232 quidem
851 1155 1006 1212 sollertiam
1020 1153 1173 1212 Diomedis

173 1253 204 1309 in
227 1256 420 1329 permutando
443 1275 564 1314 munere
586 1257 739 1314 imitantes.
790 1254 849 1312 Sed
873 1273 948 1330 quae
971 1253 1091 1312 facilitas
1115 1263 1173 1324 tua,
1185 1278 1199 1326 5

172 1351 230 1410 hoc
257 1354 352 1430 magis
387 1355 468 1414 dabis
496 1356 618 1424 veniam,
647 1355 729 1430 quod
758 1373 788 1413 se
820 1372 881 1412 non
909 1353 1012 1411 mereri
1040 1351 1172 1410 fatentur.

173 1449 256 1509 Vale.

502 1575 555 1627 46.
597 1567 727 1648 (BOOK
750 1584 776 1644 5.
799 1568 839 1647 5.)

206 1697 278 1760 Pliny
289 1698 310 1746 is
327 1714 396 1761 sorry
407 1707 434 1748 to
450 1700 503 1748 lose
513 1701 553 1748 his
568 1701 645 1750 friend
663 1702 882 1764 Fannius—sorry
899 1702 954 1749 that
970 1702 1002 1749 he
1015 1699 1072 1748 died
1088 1699 1173 1748 before

171 1781 204 1828 he
219 1781 293 1828 could
310 1782 372 1830 alter
386 1783 425 1830 his
440 1784 499 1842 will,
512 1785 557 1832 but
569 1785 620 1832 still
636 1800 704 1833 more
718 1800 786 1847 sorry
797 1785 852 1832 that
865 1785 897 1833 he
913 1784 958 1832 has
974 1784 1018 1832 left
1034 1781 1173 1831 unfrnished

171 1861 210 1909 his
226 1863 322 1927 history
333 1865 363 1913 of
375 1865 464 1915 Nero¹s
475 1867 580 1926 victims,
592 1884 608 1916 a
620 1869 795 1916 circumstance
806 1867 888 1914 which
901 1867 952 1914 had
965 1867 1026 1914 been
1042 1865 1171 1914 intimated

171 1951 198 1993 to
210 1946 318 1996 Fannius
328 1949 429 1999 himself
436 1952 469 2014 by
481 1967 497 1999 a
507 1959 606 2014 strange
617 1951 705 2000 vision.

428 2089 454 2132 C·
475 2089 588 2130 PLINIUS
608 2090 697 2132 nomo
718 2088 834 2128 unxmo
856 2088 910 2128 SUO
930 2087 953 2128 S.

211 2199 383 2259 Nuntiatum
407 2203 478 2260 mihi
500 2213 544 2262 est
567 2203 600 2262 C.
622 2203 769 2262 Fannium
790 2203 957 2274 decessisse,
979 2203 1029 2278 qui
1053 2202 1172 2260 nuntius

171 2317 218 2356 me
245 2302 325 2376 gravi
353 2301 453 2360 dolore
482 2303 619 2373 confudit,
642 2304 768 2378 prImum
793 2303 873 2377 quod
898 2303 992 2360 amavi
1019 2301 1171 2360 hominem

170 2399 333 2475 elegantem
356 2401 501 2473 disertum,
523 2403 629 2462 deinde
651 2402 731 2478 quod
753 2402 858 2460 iudicio
880 2403 941 2460 eius
963 2401 1005 2458 uti
1027 2401 1169 2459 solebam.

169 2496 240 2556 Erat
264 2499 342 2556 enim
366 2510 467 2557 acutus
489 2511 597 2572 natura,
618 2520 674 2561 usu
696 2502 875 2572 exercitatus,
897 2501 1014 2558 veritate
1038 2510 1171 2575 prompt-

169 2597 291 2655 issimus.
336 2598 427 2673 Angit
447 2617 495 2658 me
516 2619 603 2676 super
622 2601 677 2659 ista
699 2617 784 2658 casus
806 2601 913 2675 ipsius:
945 2600 1067 2658 decessit
1082 2601 1197 2668 veteri5

169 2705 353 2768 testamento,
376 2700 472 2757 omisit
497 2719 572 2777 quos
600 2701 728 2759 maxime
755 2700 900 2775 diligebat,
924 2710 1097 2776 prosecutus
1126 2711 1171 2760 est

170 2797 274 2872 quibus
289 2797 428 2856 offensior
441 2809 510 2858 erat.
553 2800 612 2858 Sed
630 2801 687 2857 hoc
704 2809 863 2874 utcumque
882 2799 1039 2870 tolerabile,
1053 2799 1171 2875 gravius

167 2895 245 2965 illud,
273 2896 497 2971 pulcherrimum
530 2917 604 2975 opus
632 2899 822 2974 inperfectum
849 2900 973 2974 reliquit.
1028 2899 1170 2971 Quamvis

169 2994 249 3051 enim
275 2996 396 3070 agendis
424 2998 518 3056 causis
543 2999 766 3074 distringeretur,
790 2998 932 3056 scribebat
954 3009 1053 3057 tamen
1076 2999 1169 3057 exitus

168 3093 331 3150 occisorum
359 3104 409 3153 aut
435 3096 628 3173 relegatorum
656 3116 673 3155 a
701 3097 820 3157 Nerone
854 3108 883 3155 et
909 3099 966 3156 iam
995 3109 1051 3156 tres
1080 3099 1169 3158 libros
1183 3130 1217 3166 10

168 3192 336 3263 absolverat,
358 3195 477 3254 subtiles
501 3207 530 3254 et
551 3198 703 3274 dilgentes
727 3209 756 3256 et
775 3199 880 3258 latinos
902 3208 990 3274 atque
1013 3199 1087 3257 inter
1110 3217 1169 3256 ser·
1306 3195 1307 3234 ¹

168 3309 289 3350 monem
328 3293 534 3372 historiamque
568 3299 689 3368 medios,
725 3317 759 3356 ac
795 3307 876 3356 tanto
911 3299 1005 3374 magis
1040 3299 1168 3374 reliquos

167 3391 306 3464 perficere
349 3393 491 3466 cupiebat,
527 3407 636 3470 quanto
674 3397 852 3471 frequentius
889 3398 919 3456 hi
956 3398 1166 3457 lectitabantur.

168 3487 244 3544 Mihi
278 3499 373 3548 autem
408 3492 520 3550 videtur
554 3497 657 3553 acerba
692 3513 807 3571 semper
841 3506 870 3555 et
909 3498 1052 3556 inmatura
1085 3514 1168 3555 mors

167 3603 271 3644 eorum
298 3589 348 3664 qui
375 3589 538 3649 immortale
563 3592 670 3668 aliquid
693 3605 805 3668 parant.
855 3595 934 3654 Nam
963 3597 1013 3672 qui
1036 3595 1167 3671 volupta-
1181 3619 1212 3668 15
