<?xml version="1.0" encoding="UTF-8"?>
<!DOCTYPE html PUBLIC "-//W3C//DTD XHTML 1.0 Transitional//EN"
    "http://www.w3.org/TR/xhtml1/DTD/xhtml1-transitional.dtd">
<html xmlns="http://www.w3.org/1999/xhtml" xml:lang="en" lang="en">
 <head>
  <title>
</title>
<meta http-equiv="Content-Type" content="text/html;charset=utf-8" />
  <meta name='ocr-system' content='tesseract 3.04.00' />
  <meta name='ocr-capabilities' content='ocr_page ocr_carea ocr_par ocr_line ocrx_word'/>
</head>
<body>
  <div class='ocr_page' id='page_1' title='image "./selectedletters02plingoog_0113.png"; bbox 0 0 2626 3976; ppageno 0'>
   <div class='ocr_carea' id='block_1_1' title="bbox 205 146 935 228">
    <p class='ocr_par' dir='ltr' id='par_1_1' title="bbox 205 146 935 228">
     <span class='ocr_line' id='line_1_1' title="bbox 205 146 935 228; baseline 0 -22"><span class='ocrx_word' id='word_1_1' title='bbox 205 146 247 228; x_wconf 91' lang='lat'>96</span> <span class='ocrx_word' id='word_1_2' title='bbox 472 159 495 208; x_wconf 84' lang='lat' dir='ltr'>A</span> <span class='ocrx_word' id='word_1_3' title='bbox 520 161 719 210; x_wconf 73' lang='lat' dir='ltr'>suaromton</span> <span class='ocrx_word' id='word_1_4' title='bbox 738 161 842 210; x_wconf 76' lang='lat' dir='ltr'>meon</span> <span class='ocrx_word' id='word_1_5' title='bbox 864 158 935 208; x_wconf 76' lang='lat' dir='ltr'>rnre</span> 
     </span>
    </p>
   </div>
   <div class='ocr_carea' id='block_1_2' title="bbox 197 316 1293 3662">
    <p class='ocr_par' dir='ltr' id='par_1_2' title="bbox 197 316 1293 3662">
     <span class='ocr_line' id='line_1_2' title="bbox 203 316 1245 396; baseline 0.002 -22"><span class='ocrx_word' id='word_1_6' title='bbox 203 316 338 376; x_wconf 91' lang='lat' dir='ltr'>homines</span> <span class='ocrx_word' id='word_1_7' title='bbox 357 318 437 396; x_wconf 92' lang='lat' dir='ltr'>quod</span> <span class='ocrx_word' id='word_1_8' title='bbox 455 319 552 392; x_wconf 84' lang='lat' dir='ltr'>facias,</span> <span class='ocrx_word' id='word_1_9' title='bbox 567 339 605 378; x_wconf 90' lang='lat' dir='ltr'>an</span> <span class='ocrx_word' id='word_1_10' title='bbox 627 338 689 378; x_wconf 91' lang='lat' dir='ltr'>non</span> <span class='ocrx_word' id='word_1_11' title='bbox 707 319 840 396; x_wconf 88' lang='lat' dir='ltr'>probent.</span> <span class='ocrx_word' id='word_1_12' title='bbox 881 317 1022 392; x_wconf 84' lang='lat' dir='ltr'>Longum</span> <span class='ocrx_word' id='word_1_13' title='bbox 1041 325 1086 376; x_wconf 92' lang='lat' dir='ltr'>est</span> <span class='ocrx_word' id='word_1_14' title='bbox 1105 318 1207 376; x_wconf 87' lang='lat' dir='ltr'>omnia</span> <span class='ocrx_word' id='word_1_15' title='bbox 1219 336 1245 386; x_wconf 83' lang='lat'>45</span> 
     </span>
     <span class='ocr_line' id='line_1_3' title="bbox 203 415 1207 492; baseline 0.001 -17"><span class='ocrx_word' id='word_1_16' title='bbox 203 434 277 492; x_wconf 90' lang='lat' dir='ltr'>quae</span> <span class='ocrx_word' id='word_1_17' title='bbox 292 428 361 476; x_wconf 89' lang='lat' dir='ltr'>tunc</span> <span class='ocrx_word' id='word_1_18' title='bbox 375 418 444 478; x_wconf 91' lang='lat' dir='ltr'>hinc</span> <span class='ocrx_word' id='word_1_19' title='bbox 459 420 527 479; x_wconf 90' lang='lat' dir='ltr'>inde</span> <span class='ocrx_word' id='word_1_20' title='bbox 543 421 618 478; x_wconf 88' lang='lat' dir='ltr'>iacta</span> <span class='ocrx_word' id='word_1_21' title='bbox 636 429 702 477; x_wconf 93' lang='lat' dir='ltr'>sunt</span> <span class='ocrx_word' id='word_1_22' title='bbox 716 436 874 477; x_wconf 90' lang='lat' dir='ltr'>recensere.</span> <span class='ocrx_word' id='word_1_23' title='bbox 917 415 1086 475; x_wconf 90' lang='lat' dir='ltr'>Novissime</span> <span class='ocrx_word' id='word_1_24' title='bbox 1100 417 1207 477; x_wconf 89' lang='lat' dir='ltr'>consul</span> 
     </span>
     <span class='ocr_line' id='line_1_4' title="bbox 203 514 1290 592; baseline 0.002 -19"><span class='ocrx_word' id='word_1_25' title='bbox 203 514 365 588; x_wconf 69' lang='lat' dir='ltr'>‘Secunde</span> <span class='ocrx_word' id='word_1_26' title='bbox 384 518 544 577; x_wconf 88' lang='lat' dir='ltr'>sententiae</span> <span class='ocrx_word' id='word_1_27' title='bbox 562 517 629 577; x_wconf 90' lang='lat' dir='ltr'>loco</span> <span class='ocrx_word' id='word_1_28' title='bbox 649 519 738 589; x_wconf 91' lang='lat' dir='ltr'>dices,</span> <span class='ocrx_word' id='word_1_29' title='bbox 761 517 857 592; x_wconf 90' lang='lat' dir='ltr'>siquid</span> <span class='ocrx_word' id='word_1_30' title='bbox 875 514 1018 575; x_wconf 69' lang='lat' dir='ltr'>volueris!</span> <span class='ocrx_word' id='word_1_31' title='bbox 1061 517 1207 576; x_wconf 88' lang='lat' dir='ltr'>‘Permis-</span> <span class='ocrx_word' id='word_1_32' title='bbox 1289 535 1290 560; x_wconf 57' lang='lat' dir='ltr'>t</span> 
     </span>
     <span class='ocr_line' id='line_1_5' title="bbox 201 615 1206 693; baseline 0.001 -21"><span class='ocrx_word' id='word_1_33' title='bbox 201 616 276 674; x_wconf 90' lang='lat' dir='ltr'>eras&#39;</span> <span class='ocrx_word' id='word_1_34' title='bbox 311 616 433 692; x_wconf 89' lang='lat' dir='ltr'>inquam</span> <span class='ocrx_word' id='word_1_35' title='bbox 469 616 568 692; x_wconf 92' lang='lat' dir='ltr'>‘quod</span> <span class='ocrx_word' id='word_1_36' title='bbox 602 635 696 693; x_wconf 90' lang='lat' dir='ltr'>usque</span> <span class='ocrx_word' id='word_1_37' title='bbox 731 616 826 675; x_wconf 90' lang='lat' dir='ltr'>adhuc</span> <span class='ocrx_word' id='word_1_38' title='bbox 860 616 997 674; x_wconf 90' lang='lat' dir='ltr'>omnibus</span> <span class='ocrx_word' id='word_1_39' title='bbox 1031 615 1206 690; x_wconf 71' lang='lat' dir='ltr'>permisisti.²</span> 
     </span>
     <span class='ocr_line' id='line_1_6' title="bbox 201 713 1205 792; baseline 0.001 -22"><span class='ocrx_word' id='word_1_40' title='bbox 201 713 330 773; x_wconf 88' lang='lat' dir='ltr'>Resido:</span> <span class='ocrx_word' id='word_1_41' title='bbox 360 724 484 791; x_wconf 85' lang='lat' dir='ltr'>aguntur</span> <span class='ocrx_word' id='word_1_42' title='bbox 502 716 566 774; x_wconf 90' lang='lat' dir='ltr'>alia.</span> <span class='ocrx_word' id='word_1_43' title='bbox 608 715 729 774; x_wconf 87' lang='lat' dir='ltr'>Interim</span> <span class='ocrx_word' id='word_1_44' title='bbox 748 733 795 774; x_wconf 92' lang='lat' dir='ltr'>me</span> <span class='ocrx_word' id='word_1_45' title='bbox 815 715 934 792; x_wconf 92' lang='lat' dir='ltr'>quidam</span> <span class='ocrx_word' id='word_1_46' title='bbox 949 732 986 772; x_wconf 92' lang='lat' dir='ltr'>ex</span> <span class='ocrx_word' id='word_1_47' title='bbox 1001 714 1205 773; x_wconf 89' lang='lat' dir='ltr'>consularibus</span> 
     </span>
     <span class='ocr_line' id='line_1_7' title="bbox 201 812 1246 890; baseline -0.001 -19"><span class='ocrx_word' id='word_1_48' title='bbox 201 813 302 872; x_wconf 90' lang='lat' dir='ltr'>amicis</span> <span class='ocrx_word' id='word_1_49' title='bbox 337 824 450 872; x_wconf 90' lang='lat' dir='ltr'>secreto</span> <span class='ocrx_word' id='word_1_50' title='bbox 485 824 645 890; x_wconf 90' lang='lat' dir='ltr'>curatoque</span> <span class='ocrx_word' id='word_1_51' title='bbox 682 831 818 872; x_wconf 88' lang='lat' dir='ltr'>sermone</span> <span class='ocrx_word' id='word_1_52' title='bbox 853 813 938 889; x_wconf 88' lang='lat' dir='ltr'>quasi</span> <span class='ocrx_word' id='word_1_53' title='bbox 972 812 1059 871; x_wconf 90' lang='lat' dir='ltr'>nimis</span> <span class='ocrx_word' id='word_1_54' title='bbox 1094 812 1205 871; x_wconf 90' lang='lat' dir='ltr'>sortiter</span> <span class='ocrx_word' id='word_1_55' title='bbox 1218 829 1246 880; x_wconf 84' lang='lat'>50</span> 
     </span>
     <span class='ocr_line' id='line_1_8' title="bbox 200 911 1204 989; baseline 0.001 -22"><span class='ocrx_word' id='word_1_56' title='bbox 200 912 373 988; x_wconf 84' lang='lat' dir='ltr'><strong>incauteque</strong></span> <span class='ocrx_word' id='word_1_57' title='bbox 387 930 575 988; x_wconf 88' lang='lat' dir='ltr'>progressum</span> <span class='ocrx_word' id='word_1_58' title='bbox 596 913 721 989; x_wconf 87' lang='lat' dir='ltr'>corripit,</span> <span class='ocrx_word' id='word_1_59' title='bbox 735 922 860 984; x_wconf 91' lang='lat' dir='ltr'>revocat,</span> <span class='ocrx_word' id='word_1_60' title='bbox 875 921 976 970; x_wconf 90' lang='lat' dir='ltr'>monet</span> <span class='ocrx_word' id='word_1_61' title='bbox 995 921 1027 969; x_wconf 93' lang='lat' dir='ltr'>ut</span> <span class='ocrx_word' id='word_1_62' title='bbox 1046 911 1204 981; x_wconf 70' lang='lat' dir='ltr'>desistam</span> 
     </span>
     <span class='ocr_line' id='line_1_9' title="bbox 201 1008 1205 1086; baseline 0.001 -19"><span class='ocrx_word' id='word_1_63' title='bbox 201 1009 289 1068; x_wconf 89' lang='lat' dir='ltr'>adicit</span> <span class='ocrx_word' id='word_1_64' title='bbox 329 1011 417 1069; x_wconf 86' lang='lat' dir='ltr'>etiam</span> <span class='ocrx_word' id='word_1_65' title='bbox 457 1012 636 1070; x_wconf 84' lang='lat' dir='ltr'>‘notabilem</span> <span class='ocrx_word' id='word_1_66' title='bbox 674 1021 702 1070; x_wconf 91' lang='lat' dir='ltr'>te</span> <span class='ocrx_word' id='word_1_67' title='bbox 738 1011 839 1070; x_wconf 86' lang='lat' dir='ltr'>futuris</span> <span class='ocrx_word' id='word_1_68' title='bbox 877 1010 1059 1086; x_wconf 88' lang='lat' dir='ltr'>principibus</span> <span class='ocrx_word' id='word_1_69' title='bbox 1094 1008 1205 1068; x_wconf 69' lang='lat' dir='ltr'>iecisti!</span> 
     </span>
     <span class='ocr_line' id='line_1_10' title="bbox 201 1107 1292 1186; baseline 0.005 -21"><span class='ocrx_word' id='word_1_70' title='bbox 201 1107 308 1167; x_wconf 88' lang='lat' dir='ltr'>‘Esto&#39;</span> <span class='ocrx_word' id='word_1_71' title='bbox 331 1109 458 1186; x_wconf 90' lang='lat' dir='ltr'>inquam,</span> <span class='ocrx_word' id='word_1_72' title='bbox 484 1111 573 1170; x_wconf 92' lang='lat' dir='ltr'>‘dum</span> <span class='ocrx_word' id='word_1_73' title='bbox 598 1110 700 1169; x_wconf 69' lang='lat' dir='ltr'>malis!</span> <span class='ocrx_word' id='word_1_74' title='bbox 742 1110 803 1169; x_wconf 89' lang='lat' dir='ltr'>Vix</span> <span class='ocrx_word' id='word_1_75' title='bbox 829 1110 874 1168; x_wconf 92' lang='lat' dir='ltr'>ille</span> <span class='ocrx_word' id='word_1_76' title='bbox 900 1110 1080 1179; x_wconf 84' lang='lat' dir='ltr'>discesserat,</span> <span class='ocrx_word' id='word_1_77' title='bbox 1105 1126 1205 1167; x_wconf 89' lang='lat' dir='ltr'>rursus</span> <span class='ocrx_word' id='word_1_78' title='bbox 1291 1139 1292 1170; x_wconf 63' lang='grc' dir='ltr'>ι</span> 
     </span>
     <span class='ocr_line' id='line_1_11' title="bbox 200 1207 1205 1286; baseline 0.003 -21"><span class='ocrx_word' id='word_1_79' title='bbox 200 1208 272 1266; x_wconf 92' lang='lat' dir='ltr'>alter</span> <span class='ocrx_word' id='word_1_80' title='bbox 297 1208 387 1285; x_wconf 91' lang='lat' dir='ltr'>‘quid</span> <span class='ocrx_word' id='word_1_81' title='bbox 414 1209 524 1268; x_wconf 83' lang='lat' dir='ltr'>audes?</span> <span class='ocrx_word' id='word_1_82' title='bbox 559 1227 619 1286; x_wconf 92' lang='lat' dir='ltr'>quo</span> <span class='ocrx_word' id='word_1_83' title='bbox 644 1210 723 1268; x_wconf 83' lang='lat' dir='ltr'>ruis?</span> <span class='ocrx_word' id='word_1_84' title='bbox 754 1210 860 1286; x_wconf 92' lang='lat' dir='ltr'>quibus</span> <span class='ocrx_word' id='word_1_85' title='bbox 882 1216 911 1268; x_wconf 88' lang='lat' dir='ltr'>te</span> <span class='ocrx_word' id='word_1_86' title='bbox 933 1208 1069 1283; x_wconf 91' lang='lat' dir='ltr'>periculis</span> <span class='ocrx_word' id='word_1_87' title='bbox 1091 1207 1205 1268; x_wconf 83' lang='lat' dir='ltr'>obicis?</span> 
     </span>
     <span class='ocr_line' id='line_1_12' title="bbox 201 1303 1293 1394; baseline -0.001 -29"><span class='ocrx_word' id='word_1_88' title='bbox 201 1308 272 1383; x_wconf 90' lang='lat' dir='ltr'>quid</span> <span class='ocrx_word' id='word_1_89' title='bbox 299 1308 498 1384; x_wconf 90' lang='lat' dir='ltr'>praesentibus</span> <span class='ocrx_word' id='word_1_90' title='bbox 527 1309 660 1380; x_wconf 79' lang='lat' dir='ltr'>confidiS,</span> <span class='ocrx_word' id='word_1_91' title='bbox 687 1308 814 1368; x_wconf 91' lang='lat' dir='ltr'>incertus</span> <span class='ocrx_word' id='word_1_92' title='bbox 839 1307 1026 1365; x_wconf 85' lang='lat' dir='ltr'>futurorum?</span> <span class='ocrx_word' id='word_1_93' title='bbox 1068 1303 1205 1364; x_wconf 81' lang='lat' dir='ltr'>Lacessis</span> <span class='ocrx_word' id='word_1_94' title='bbox 1218 1323 1245 1372; x_wconf 76' lang='lat'>55</span> <span class='ocrx_word' id='word_1_95' title='bbox 1292 1384 1293 1394; x_wconf 9' lang='grc' dir='ltr'>ἵ</span> 
     </span>
     <span class='ocr_line' id='line_1_13' title="bbox 200 1404 1205 1483; baseline 0 -20"><span class='ocrx_word' id='word_1_96' title='bbox 200 1405 351 1464; x_wconf 90' lang='lat' dir='ltr'>hominem</span> <span class='ocrx_word' id='word_1_97' title='bbox 375 1407 433 1465; x_wconf 88' lang='lat' dir='ltr'>iam</span> <span class='ocrx_word' id='word_1_98' title='bbox 456 1407 635 1483; x_wconf 87' lang='lat' dir='ltr'>praefectum</span> <span class='ocrx_word' id='word_1_99' title='bbox 659 1407 760 1466; x_wconf 90' lang='lat' dir='ltr'>aerarii</span> <span class='ocrx_word' id='word_1_100' title='bbox 785 1415 814 1464; x_wconf 93' lang='lat' dir='ltr'>et</span> <span class='ocrx_word' id='word_1_101' title='bbox 837 1405 916 1465; x_wconf 90' lang='lat' dir='ltr'>brevi</span> <span class='ocrx_word' id='word_1_102' title='bbox 941 1404 1101 1475; x_wconf 89' lang='lat' dir='ltr'>consulem,</span> <span class='ocrx_word' id='word_1_103' title='bbox 1121 1423 1205 1480; x_wconf 89' lang='lat' dir='ltr'>prae-</span> 
     </span>
     <span class='ocr_line' id='line_1_14' title="bbox 200 1501 1203 1583; baseline 0.001 -22"><span class='ocrx_word' id='word_1_104' title='bbox 200 1514 279 1562; x_wconf 90' lang='lat' dir='ltr'>terea</span> <span class='ocrx_word' id='word_1_105' title='bbox 292 1521 351 1578; x_wconf 90' lang='lat' dir='ltr'>qua</span> <span class='ocrx_word' id='word_1_106' title='bbox 365 1505 465 1579; x_wconf 84' lang='lat' dir='ltr'>gratia,</span> <span class='ocrx_word' id='word_1_107' title='bbox 478 1505 582 1583; x_wconf 89' lang='lat' dir='ltr'>quibus</span> <span class='ocrx_word' id='word_1_108' title='bbox 593 1505 726 1564; x_wconf 91' lang='lat' dir='ltr'>amicitiis</span> <span class='ocrx_word' id='word_1_109' title='bbox 739 1504 843 1563; x_wconf 88' lang='lat' dir='ltr'>fultum</span> <span class='ocrx_word' id='word_1_110' title='bbox 852 1501 874 1558; x_wconf 85' lang='lat' dir='ltr'>l&#39;</span> <span class='ocrx_word' id='word_1_111' title='bbox 895 1505 1028 1563; x_wconf 92' lang='lat' dir='ltr'>nominat</span> <span class='ocrx_word' id='word_1_112' title='bbox 1042 1505 1203 1579; x_wconf 88' lang='lat' dir='ltr'>quendam,</span> 
     </span>
     <span class='ocr_line' id='line_1_15' title="bbox 200 1602 1203 1681; baseline 0.001 -22"><span class='ocrx_word' id='word_1_113' title='bbox 200 1603 249 1678; x_wconf 91' lang='lat' dir='ltr'>qui</span> <span class='ocrx_word' id='word_1_114' title='bbox 271 1611 341 1661; x_wconf 89' lang='lat' dir='ltr'>tunc</span> <span class='ocrx_word' id='word_1_115' title='bbox 363 1604 400 1662; x_wconf 95' lang='lat' dir='ltr'>ad</span> <span class='ocrx_word' id='word_1_116' title='bbox 422 1605 563 1663; x_wconf 89' lang='lat' dir='ltr'>orientem</span> <span class='ocrx_word' id='word_1_117' title='bbox 584 1604 796 1681; x_wconf 88' lang='lat' dir='ltr'>amplissimum</span> <span class='ocrx_word' id='word_1_118' title='bbox 817 1612 847 1662; x_wconf 94' lang='lat' dir='ltr'>et</span> <span class='ocrx_word' id='word_1_119' title='bbox 869 1602 1098 1662; x_wconf 87' lang='lat' dir='ltr'>famosissimum</span> <span class='ocrx_word' id='word_1_120' title='bbox 1120 1620 1203 1662; x_wconf 87' lang='lat' dir='ltr'>exer-</span> 
     </span>
     <span class='ocr_line' id='line_1_16' title="bbox 200 1701 1204 1779; baseline 0.002 -20"><span class='ocrx_word' id='word_1_121' title='bbox 200 1703 289 1760; x_wconf 91' lang='lat' dir='ltr'>citum</span> <span class='ocrx_word' id='word_1_122' title='bbox 304 1720 365 1760; x_wconf 94' lang='lat' dir='ltr'>non</span> <span class='ocrx_word' id='word_1_123' title='bbox 379 1703 441 1762; x_wconf 92' lang='lat' dir='ltr'>sine</span> <span class='ocrx_word' id='word_1_124' title='bbox 458 1703 573 1779; x_wconf 87' lang='lat' dir='ltr'>magnis</span> <span class='ocrx_word' id='word_1_125' title='bbox 593 1703 746 1779; x_wconf 91' lang='lat' dir='ltr'>dubiisque</span> <span class='ocrx_word' id='word_1_126' title='bbox 766 1702 930 1761; x_wconf 88' lang='lat' dir='ltr'>rumoribus</span> <span class='ocrx_word' id='word_1_127' title='bbox 952 1702 1111 1762; x_wconf 90' lang='lat' dir='ltr'>obtinebat.</span> <span class='ocrx_word' id='word_1_128' title='bbox 1154 1701 1204 1761; x_wconf 93' lang='lat' dir='ltr'>Ad</span> 
     </span>
     <span class='ocr_line' id='line_1_17' title="bbox 200 1800 1244 1880; baseline -0.004 -22"><span class='ocrx_word' id='word_1_129' title='bbox 200 1801 272 1861; x_wconf 81' lang='lat' dir='ltr'>ha‘ec</span> <span class='ocrx_word' id='word_1_130' title='bbox 291 1820 348 1878; x_wconf 86' lang='lat' dir='ltr'>ego</span> <span class='ocrx_word' id='word_1_131' title='bbox 372 1803 490 1861; x_wconf 87' lang='lat' dir='ltr'>‘omnia</span> <span class='ocrx_word' id='word_1_132' title='bbox 502 1805 637 1879; x_wconf 89' lang='lat' dir='ltr'>praecepi</span> <span class='ocrx_word' id='word_1_133' title='bbox 651 1811 739 1880; x_wconf 90' lang='lat' dir='ltr'>atque</span> <span class='ocrx_word' id='word_1_134' title='bbox 759 1803 858 1861; x_wconf 89' lang='lat' dir='ltr'>animo</span> <span class='ocrx_word' id='word_1_135' title='bbox 878 1819 996 1860; x_wconf 90' lang='lat' dir='ltr'>mecum</span> <span class='ocrx_word' id='word_1_136' title='bbox 1010 1810 1077 1859; x_wconf 89' lang='lat' dir='ltr'>ante</span> <span class='ocrx_word' id='word_1_137' title='bbox 1091 1800 1202 1876; x_wconf 88' lang='lat' dir='ltr'>peregi,</span> <span class='ocrx_word' id='word_1_138' title='bbox 1216 1805 1244 1854; x_wconf 87' lang='lat'>60</span> 
     </span>
     <span class='ocr_line' id='line_1_18' title="bbox 199 1898 1203 1977; baseline 0 -21"><span class='ocrx_word' id='word_1_139' title='bbox 199 1918 255 1959; x_wconf 92' lang='lat' dir='ltr'>nec</span> <span class='ocrx_word' id='word_1_140' title='bbox 278 1918 391 1971; x_wconf 90' lang='lat' dir='ltr'>recuso,</span> <span class='ocrx_word' id='word_1_141' title='bbox 413 1900 437 1958; x_wconf 92' lang='lat' dir='ltr'>si</span> <span class='ocrx_word' id='word_1_142' title='bbox 458 1900 497 1960; x_wconf 90' lang='lat' dir='ltr'>ita</span> <span class='ocrx_word' id='word_1_143' title='bbox 520 1919 604 1960; x_wconf 89' lang='lat' dir='ltr'>casus</span> <span class='ocrx_word' id='word_1_144' title='bbox 625 1902 759 1971; x_wconf 85' lang='lat' dir='ltr'>attulerit,</span> <span class='ocrx_word' id='word_1_145' title='bbox 780 1901 860 1960; x_wconf 90' lang='lat' dir='ltr'>luere</span> <span class='ocrx_word' id='word_1_146' title='bbox 882 1917 995 1977; x_wconf 89' lang='lat' dir='ltr'>poenas</span> <span class='ocrx_word' id='word_1_147' title='bbox 1020 1899 1060 1959; x_wconf 93' lang='lat' dir='ltr'>ob</span> <span class='ocrx_word' id='word_1_148' title='bbox 1083 1898 1203 1957; x_wconf 87' lang='lat' dir='ltr'>honest·</span> 
     </span>
     <span class='ocr_line' id='line_1_19' title="bbox 200 1996 1202 2076; baseline -0.001 -21"><span class='ocrx_word' id='word_1_149' title='bbox 200 1999 331 2057; x_wconf 92' lang='lat' dir='ltr'>issimum</span> <span class='ocrx_word' id='word_1_150' title='bbox 369 1997 485 2070; x_wconf 86' lang='lat' dir='ltr'>factum,</span> <span class='ocrx_word' id='word_1_151' title='bbox 522 1999 593 2058; x_wconf 91' lang='lat' dir='ltr'>dum</span> <span class='ocrx_word' id='word_1_152' title='bbox 633 1999 891 2076; x_wconf 87' lang='lat' dir='ltr'>flagitiosissimum</span> <span class='ocrx_word' id='word_1_153' title='bbox 929 1997 1071 2058; x_wconf 71' lang='lat' dir='ltr'>ulciscor!</span> <span class='ocrx_word' id='word_1_154' title='bbox 1136 1996 1202 2054; x_wconf 92' lang='lat' dir='ltr'>Iam</span> 
     </span>
     <span class='ocr_line' id='line_1_20' title="bbox 200 2094 1202 2174; baseline 0 -20"><span class='ocrx_word' id='word_1_155' title='bbox 200 2097 340 2155; x_wconf 87' lang='lat' dir='ltr'>censendi</span> <span class='ocrx_word' id='word_1_156' title='bbox 361 2107 485 2173; x_wconf 89' lang='lat' dir='ltr'>tempus.</span> <span class='ocrx_word' id='word_1_157' title='bbox 534 2097 613 2156; x_wconf 91' lang='lat' dir='ltr'>Dicit</span> <span class='ocrx_word' id='word_1_158' title='bbox 635 2098 783 2157; x_wconf 91' lang='lat' dir='ltr'>Domitius</span> <span class='ocrx_word' id='word_1_159' title='bbox 808 2097 994 2174; x_wconf 87' lang='lat' dir='ltr'>Apollinaris,</span> <span class='ocrx_word' id='word_1_160' title='bbox 1022 2094 1125 2154; x_wconf 90' lang='lat' dir='ltr'>consul</span> <span class='ocrx_word' id='word_1_161' title='bbox 1151 2097 1202 2154; x_wconf 93' lang='lat' dir='ltr'>de-</span> 
     </span>
     <span class='ocr_line' id='line_1_21' title="bbox 201 2194 1203 2270; baseline 0.003 -19"><span class='ocrx_word' id='word_1_162' title='bbox 201 2195 339 2270; x_wconf 89' lang='lat' dir='ltr'>signatus,</span> <span class='ocrx_word' id='word_1_163' title='bbox 355 2195 423 2254; x_wconf 90' lang='lat' dir='ltr'>dicit</span> <span class='ocrx_word' id='word_1_164' title='bbox 441 2195 589 2256; x_wconf 85' lang='lat' dir='ltr'>Fabricius</span> <span class='ocrx_word' id='word_1_165' title='bbox 603 2196 738 2270; x_wconf 90' lang='lat' dir='ltr'>Veient0‚</span> <span class='ocrx_word' id='word_1_166' title='bbox 755 2197 862 2256; x_wconf 91' lang='lat' dir='ltr'>Fabius</span> <span class='ocrx_word' id='word_1_167' title='bbox 884 2195 1073 2266; x_wconf 88' lang='lat' dir='ltr'>Maximinus,</span> <span class='ocrx_word' id='word_1_168' title='bbox 1085 2194 1203 2254; x_wconf 92' lang='lat' dir='ltr'>Vettius</span> 
     </span>
     <span class='ocr_line' id='line_1_22' title="bbox 200 2292 1243 2372; baseline 0.003 -23"><span class='ocrx_word' id='word_1_169' title='bbox 200 2292 350 2365; x_wconf 88' lang='lat' dir='ltr'>Proculus,</span> <span class='ocrx_word' id='word_1_170' title='bbox 378 2294 490 2371; x_wconf 86' lang='lat' dir='ltr'>collega</span> <span class='ocrx_word' id='word_1_171' title='bbox 517 2295 628 2356; x_wconf 90' lang='lat' dir='ltr'>Publici</span> <span class='ocrx_word' id='word_1_172' title='bbox 657 2295 742 2368; x_wconf 91' lang='lat' dir='ltr'>Certi,</span> <span class='ocrx_word' id='word_1_173' title='bbox 771 2295 807 2354; x_wconf 92' lang='lat' dir='ltr'>de</span> <span class='ocrx_word' id='word_1_174' title='bbox 838 2313 898 2372; x_wconf 92' lang='lat' dir='ltr'>quo</span> <span class='ocrx_word' id='word_1_175' title='bbox 926 2296 1072 2370; x_wconf 87' lang='lat' dir='ltr'>agebatur,</span> <span class='ocrx_word' id='word_1_176' title='bbox 1100 2294 1202 2353; x_wconf 90' lang='lat' dir='ltr'>uxoris</span> <span class='ocrx_word' id='word_1_177' title='bbox 1215 2297 1243 2360; x_wconf 85' lang='lat'>65</span> 
     </span>
     <span class='ocr_line' id='line_1_23' title="bbox 198 2391 1200 2471; baseline 0.001 -22"><span class='ocrx_word' id='word_1_178' title='bbox 198 2411 292 2465; x_wconf 91' lang='lat' dir='ltr'>meae,</span> <span class='ocrx_word' id='word_1_179' title='bbox 306 2410 395 2471; x_wconf 90' lang='lat' dir='ltr'>quam</span> <span class='ocrx_word' id='word_1_180' title='bbox 417 2395 578 2466; x_wconf 90' lang='lat' dir='ltr'>amiseram,</span> <span class='ocrx_word' id='word_1_181' title='bbox 598 2395 723 2466; x_wconf 89' lang='lat' dir='ltr'>vitricus,</span> <span class='ocrx_word' id='word_1_182' title='bbox 744 2404 813 2471; x_wconf 92' lang='lat' dir='ltr'>post</span> <span class='ocrx_word' id='word_1_183' title='bbox 831 2394 887 2452; x_wconf 92' lang='lat' dir='ltr'>hos</span> <span class='ocrx_word' id='word_1_184' title='bbox 909 2392 1045 2452; x_wconf 88' lang='lat' dir='ltr'>Ammius</span> <span class='ocrx_word' id='word_1_185' title='bbox 1066 2391 1200 2452; x_wconf 87' lang='lat' dir='ltr'>Flaccus.</span> 
     </span>
     <span class='ocr_line' id='line_1_24' title="bbox 200 2490 1205 2552; baseline 0 -2"><span class='ocrx_word' id='word_1_186' title='bbox 200 2490 313 2552; x_wconf 90' lang='lat' dir='ltr'>Omnes</span> <span class='ocrx_word' id='word_1_187' title='bbox 335 2492 454 2552; x_wconf 91' lang='lat' dir='ltr'>Certum</span> <span class='ocrx_word' id='word_1_188' title='bbox 478 2494 610 2552; x_wconf 87' lang='lat' dir='ltr'>nondum</span> <span class='ocrx_word' id='word_1_189' title='bbox 636 2513 653 2552; x_wconf 88' lang='lat' dir='ltr'>a</span> <span class='ocrx_word' id='word_1_190' title='bbox 677 2512 724 2552; x_wconf 90' lang='lat' dir='ltr'>me</span> <span class='ocrx_word' id='word_1_191' title='bbox 749 2493 934 2552; x_wconf 90' lang='lat' dir='ltr'>nominatum</span> <span class='ocrx_word' id='word_1_192' title='bbox 958 2500 990 2550; x_wconf 91' lang='lat' dir='ltr'>ut</span> <span class='ocrx_word' id='word_1_193' title='bbox 1018 2492 1205 2550; x_wconf 85' lang='lat' dir='ltr'>nominatum</span> 
     </span>
     <span class='ocr_line' id='line_1_25' title="bbox 199 2589 1203 2670; baseline 0.003 -22"><span class='ocrx_word' id='word_1_194' title='bbox 199 2590 359 2651; x_wconf 85' lang='lat' dir='ltr'>defendunt</span> <span class='ocrx_word' id='word_1_195' title='bbox 383 2592 549 2668; x_wconf 89' lang='lat' dir='ltr'>crimenque</span> <span class='ocrx_word' id='word_1_196' title='bbox 572 2594 656 2670; x_wconf 91' lang='lat' dir='ltr'>quasi</span> <span class='ocrx_word' id='word_1_197' title='bbox 683 2593 715 2650; x_wconf 92' lang='lat' dir='ltr'>in</span> <span class='ocrx_word' id='word_1_198' title='bbox 741 2592 840 2651; x_wconf 90' lang='lat' dir='ltr'>medio</span> <span class='ocrx_word' id='word_1_199' title='bbox 869 2591 1001 2650; x_wconf 91' lang='lat' dir='ltr'>relictum</span> <span class='ocrx_word' id='word_1_200' title='bbox 1030 2589 1203 2652; x_wconf 88' lang='lat' dir='ltr'>defensione</span> 
     </span>
     <span class='ocr_line' id='line_1_26' title="bbox 199 2690 1203 2769; baseline 0.002 -22"><span class='ocrx_word' id='word_1_201' title='bbox 199 2691 366 2767; x_wconf 90' lang='lat' dir='ltr'>suscipiunt.</span> <span class='ocrx_word' id='word_1_202' title='bbox 409 2690 493 2763; x_wconf 89' lang='lat' dir='ltr'>Quae</span> <span class='ocrx_word' id='word_1_203' title='bbox 516 2701 666 2769; x_wconf 87' lang='lat' dir='ltr'>praeterea</span> <span class='ocrx_word' id='word_1_204' title='bbox 686 2691 817 2762; x_wconf 86' lang='lat' dir='ltr'>dixerint,</span> <span class='ocrx_word' id='word_1_205' title='bbox 840 2708 901 2749; x_wconf 89' lang='lat' dir='ltr'>non</span> <span class='ocrx_word' id='word_1_206' title='bbox 923 2699 968 2748; x_wconf 92' lang='lat' dir='ltr'>est</span> <span class='ocrx_word' id='word_1_207' title='bbox 990 2707 1110 2758; x_wconf 88' lang='lat' dir='ltr'>necesse</span> <span class='ocrx_word' id='word_1_208' title='bbox 1136 2708 1203 2749; x_wconf 87' lang='lat' dir='ltr'>nar-</span> 
     </span>
     <span class='ocr_line' id='line_1_27' title="bbox 198 2789 1244 2864; baseline 0.008 -20"><span class='ocrx_word' id='word_1_209' title='bbox 198 2807 277 2861; x_wconf 86' lang='lat' dir='ltr'>rare;</span> <span class='ocrx_word' id='word_1_210' title='bbox 312 2790 342 2846; x_wconf 91' lang='lat' dir='ltr'>in</span> <span class='ocrx_word' id='word_1_211' title='bbox 365 2790 444 2849; x_wconf 89' lang='lat' dir='ltr'>libris</span> <span class='ocrx_word' id='word_1_212' title='bbox 466 2789 565 2849; x_wconf 89' lang='lat' dir='ltr'>habes.</span> <span class='ocrx_word' id='word_1_213' title='bbox 618 2789 691 2849; x_wconf 90' lang='lat' dir='ltr'>Sum</span> <span class='ocrx_word' id='word_1_214' title='bbox 715 2790 793 2849; x_wconf 87' lang='lat' dir='ltr'>enim</span> <span class='ocrx_word' id='word_1_215' title='bbox 821 2798 927 2848; x_wconf 86' lang='lat' dir='ltr'>cuncta</span> <span class='ocrx_word' id='word_1_216' title='bbox 950 2790 1081 2864; x_wconf 90' lang='lat' dir='ltr'>ipsorum</span> <span class='ocrx_word' id='word_1_217' title='bbox 1106 2791 1203 2850; x_wconf 91' lang='lat' dir='ltr'>verbis</span> <span class='ocrx_word' id='word_1_218' title='bbox 1218 2800 1244 2852; x_wconf 82' lang='lat'>70</span> 
     </span>
     <span class='ocr_line' id='line_1_28' title="bbox 198 2886 1203 2961; baseline 0.005 -17"><span class='ocrx_word' id='word_1_219' title='bbox 198 2896 372 2961; x_wconf 91' lang='lat' dir='ltr'>persecutus.</span> <span class='ocrx_word' id='word_1_220' title='bbox 437 2887 548 2948; x_wconf 95' lang='lat' dir='ltr'>Dicunt</span> <span class='ocrx_word' id='word_1_221' title='bbox 587 2897 688 2949; x_wconf 84' lang='lat' dir='ltr'>contra</span> <span class='ocrx_word' id='word_1_222' title='bbox 722 2888 843 2948; x_wconf 90' lang='lat' dir='ltr'>Avidius</span> <span class='ocrx_word' id='word_1_223' title='bbox 883 2888 1015 2961; x_wconf 89' lang='lat' dir='ltr'>Quietus,</span> <span class='ocrx_word' id='word_1_224' title='bbox 1050 2886 1203 2949; x_wconf 90' lang='lat' dir='ltr'>Cornutus</span> 
     </span>
     <span class='ocr_line' id='line_1_29' title="bbox 198 2984 1203 3065; baseline 0.003 -22"><span class='ocrx_word' id='word_1_225' title='bbox 198 2984 363 3046; x_wconf 90' lang='lat' dir='ltr'>Tertullus:</span> <span class='ocrx_word' id='word_1_226' title='bbox 393 2987 526 3060; x_wconf 85' lang='lat' dir='ltr'>Quietus,</span> <span class='ocrx_word' id='word_1_227' title='bbox 547 2987 761 3065; x_wconf 90' lang='lat' dir='ltr'>iniquissimum</span> <span class='ocrx_word' id='word_1_228' title='bbox 789 3007 855 3048; x_wconf 90' lang='lat' dir='ltr'>esse</span> <span class='ocrx_word' id='word_1_229' title='bbox 877 2988 1019 3065; x_wconf 88' lang='lat' dir='ltr'>querellas</span> <span class='ocrx_word' id='word_1_230' title='bbox 1039 2987 1203 3046; x_wconf 88' lang='lat' dir='ltr'>dolentium</span> 
     </span>
     <span class='ocr_line' id='line_1_30' title="bbox 198 3085 1203 3165; baseline -0.001 -21"><span class='ocrx_word' id='word_1_231' title='bbox 198 3085 321 3157; x_wconf 85' lang='lat' dir='ltr'>excludi,</span> <span class='ocrx_word' id='word_1_232' title='bbox 342 3086 468 3164; x_wconf 88' lang='lat' dir='ltr'>ideoque</span> <span class='ocrx_word' id='word_1_233' title='bbox 482 3088 585 3148; x_wconf 89' lang='lat' dir='ltr'>Arriae</span> <span class='ocrx_word' id='word_1_234' title='bbox 607 3097 636 3147; x_wconf 90' lang='lat' dir='ltr'>et</span> <span class='ocrx_word' id='word_1_235' title='bbox 655 3087 786 3148; x_wconf 88' lang='lat' dir='ltr'>Fanniae</span> <span class='ocrx_word' id='word_1_236' title='bbox 800 3089 845 3146; x_wconf 88' lang='lat' dir='ltr'>ius</span> <span class='ocrx_word' id='word_1_237' title='bbox 860 3087 1001 3165; x_wconf 89' lang='lat' dir='ltr'>querendi</span> <span class='ocrx_word' id='word_1_238' title='bbox 1015 3104 1077 3145; x_wconf 91' lang='lat' dir='ltr'>non</span> <span class='ocrx_word' id='word_1_239' title='bbox 1105 3086 1203 3146; x_wconf 85' lang='lat' dir='ltr'>auler-</span> 
     </span>
     <span class='ocr_line' id='line_1_31' title="bbox 197 3183 1202 3262; baseline 0.002 -20"><span class='ocrx_word' id='word_1_240' title='bbox 197 3183 315 3256; x_wconf 90' lang='lat' dir='ltr'>endum,</span> <span class='ocrx_word' id='word_1_241' title='bbox 344 3203 399 3244; x_wconf 82' lang='lat' dir='ltr'>nec</span> <span class='ocrx_word' id='word_1_242' title='bbox 433 3187 580 3258; x_wconf 89' lang='lat' dir='ltr'>interesse,</span> <span class='ocrx_word' id='word_1_243' title='bbox 610 3187 691 3246; x_wconf 87' lang='lat' dir='ltr'>cuius</span> <span class='ocrx_word' id='word_1_244' title='bbox 727 3186 835 3246; x_wconf 91' lang='lat' dir='ltr'>ordinis</span> <span class='ocrx_word' id='word_1_245' title='bbox 863 3187 929 3262; x_wconf 92' lang='lat' dir='ltr'>quis</span> <span class='ocrx_word' id='word_1_246' title='bbox 956 3187 1000 3256; x_wconf 89' lang='lat' dir='ltr'>sit,</span> <span class='ocrx_word' id='word_1_247' title='bbox 1029 3185 1082 3244; x_wconf 87' lang='lat' dir='ltr'>sed</span> <span class='ocrx_word' id='word_1_248' title='bbox 1110 3203 1202 3262; x_wconf 92' lang='lat' dir='ltr'>quam</span> 
     </span>
     <span class='ocr_line' id='line_1_32' title="bbox 197 3283 1246 3358; baseline 0.003 -16"><span class='ocrx_word' id='word_1_249' title='bbox 197 3302 317 3344; x_wconf 89' lang='lat' dir='ltr'>causam</span> <span class='ocrx_word' id='word_1_250' title='bbox 338 3283 459 3344; x_wconf 86' lang='lat' dir='ltr'>habeat:</span> <span class='ocrx_word' id='word_1_251' title='bbox 490 3284 646 3358; x_wconf 89' lang='lat' dir='ltr'>Comutus‚</span> <span class='ocrx_word' id='word_1_252' title='bbox 669 3285 769 3346; x_wconf 90' lang='lat' dir='ltr'>datum</span> <span class='ocrx_word' id='word_1_253' title='bbox 791 3304 822 3344; x_wconf 90' lang='lat' dir='ltr'>se</span> <span class='ocrx_word' id='word_1_254' title='bbox 841 3305 859 3344; x_wconf 91' lang='lat' dir='ltr'>a</span> <span class='ocrx_word' id='word_1_255' title='bbox 878 3285 1047 3345; x_wconf 89' lang='lat' dir='ltr'>consulibus</span> <span class='ocrx_word' id='word_1_256' title='bbox 1071 3293 1200 3344; x_wconf 89' lang='lat' dir='ltr'>tutorem</span> <span class='ocrx_word' id='word_1_257' title='bbox 1218 3297 1246 3350; x_wconf 78' lang='lat'>75</span> 
     </span>
     <span class='ocr_line' id='line_1_33' title="bbox 197 3382 1200 3462; baseline 0.003 -22"><span class='ocrx_word' id='word_1_258' title='bbox 197 3382 315 3444; x_wconf 89' lang='lat' dir='ltr'>Helvidi</span> <span class='ocrx_word' id='word_1_259' title='bbox 329 3383 404 3444; x_wconf 88' lang='lat' dir='ltr'>filiae</span> <span class='ocrx_word' id='word_1_260' title='bbox 419 3385 584 3461; x_wconf 87' lang='lat' dir='ltr'>petentibus</span> <span class='ocrx_word' id='word_1_261' title='bbox 597 3395 690 3445; x_wconf 88' lang='lat' dir='ltr'>matre</span> <span class='ocrx_word' id='word_1_262' title='bbox 709 3385 771 3444; x_wconf 92' lang='lat' dir='ltr'>eius</span> <span class='ocrx_word' id='word_1_263' title='bbox 790 3395 819 3444; x_wconf 93' lang='lat' dir='ltr'>et</span> <span class='ocrx_word' id='word_1_264' title='bbox 837 3386 953 3459; x_wconf 89' lang='lat' dir='ltr'>vitrico;</span> <span class='ocrx_word' id='word_1_265' title='bbox 978 3403 1057 3446; x_wconf 90' lang='lat' dir='ltr'>nunc</span> <span class='ocrx_word' id='word_1_266' title='bbox 1078 3402 1200 3462; x_wconf 90' lang='lat' dir='ltr'>quoque</span> 
     </span>
     <span class='ocr_line' id='line_1_34' title="bbox 197 3482 1200 3562; baseline 0.005 -23"><span class='ocrx_word' id='word_1_267' title='bbox 197 3499 258 3541; x_wconf 93' lang='lat' dir='ltr'>non</span> <span class='ocrx_word' id='word_1_268' title='bbox 273 3483 414 3544; x_wconf 90' lang='lat' dir='ltr'>sustinere</span> <span class='ocrx_word' id='word_1_269' title='bbox 428 3482 557 3541; x_wconf 90' lang='lat' dir='ltr'>deserere</span> <span class='ocrx_word' id='word_1_270' title='bbox 577 3483 663 3543; x_wconf 89' lang='lat' dir='ltr'>officii</span> <span class='ocrx_word' id='word_1_271' title='bbox 683 3484 728 3544; x_wconf 87' lang='lat' dir='ltr'>sui</span> <span class='ocrx_word' id='word_1_272' title='bbox 747 3492 852 3559; x_wconf 89' lang='lat' dir='ltr'>partes,</span> <span class='ocrx_word' id='word_1_273' title='bbox 867 3484 897 3543; x_wconf 91' lang='lat' dir='ltr'>in</span> <span class='ocrx_word' id='word_1_274' title='bbox 912 3503 971 3562; x_wconf 92' lang='lat' dir='ltr'>quo</span> <span class='ocrx_word' id='word_1_275' title='bbox 985 3493 1084 3544; x_wconf 92' lang='lat' dir='ltr'>tamen</span> <span class='ocrx_word' id='word_1_276' title='bbox 1098 3493 1129 3542; x_wconf 92' lang='lat' dir='ltr'>et</span> <span class='ocrx_word' id='word_1_277' title='bbox 1143 3503 1200 3544; x_wconf 90' lang='lat' dir='ltr'>suo</span> 
     </span>
     <span class='ocr_line' id='line_1_35' title="bbox 198 3580 1201 3662; baseline 0.006 -24"><span class='ocrx_word' id='word_1_278' title='bbox 198 3580 290 3640; x_wconf 89' lang='lat' dir='ltr'>dolori</span> <span class='ocrx_word' id='word_1_279' title='bbox 314 3581 438 3642; x_wconf 91' lang='lat' dir='ltr'>modum</span> <span class='ocrx_word' id='word_1_280' title='bbox 460 3580 601 3658; x_wconf 89' lang='lat' dir='ltr'>inponere</span> <span class='ocrx_word' id='word_1_281' title='bbox 623 3593 651 3642; x_wconf 91' lang='lat' dir='ltr'>et</span> <span class='ocrx_word' id='word_1_282' title='bbox 675 3581 851 3662; x_wconf 88' lang='lat' dir='ltr'>optimarum</span> <span class='ocrx_word' id='word_1_283' title='bbox 876 3583 1048 3646; x_wconf 83' lang='lat' dir='ltr'>feminarum</span> <span class='ocrx_word' id='word_1_284' title='bbox 1069 3583 1201 3661; x_wconf 87' lang='lat' dir='ltr'>perferre</span> 
     </span>
    </p>
   </div>
   <div class='ocr_carea' id='block_1_3' title="bbox 0 0 1318 3976">
    <p class='ocr_par' dir='ltr' id='par_1_3' title="bbox 0 0 1318 3976">
     <span class='ocr_line' id='line_1_36' title="bbox 0 0 1318 3976; baseline 0 2"><span class='ocrx_word' id='word_1_285' title='bbox 0 0 1318 3976; x_wconf 95' lang='lat' dir='ltr'> </span> 
     </span>
    </p>
   </div>
  </div>
 </body>
</html>
