2626 3976
189 177 349 226 LETTERS
372 178 417 226 OE
439 178 469 228 U.
484 177 631 228 PLINIUS
654 175 841 224 CAECILIUS
858 174 1050 224 SECUNDUS.
1095 178 1134 241 91

94 363 126 398 20
138 338 325 414 religiosum:
357 347 412 398 stat
435 337 598 397 Clitumnus
622 337 687 413 ipse
708 337 832 395 amictus
855 345 1031 412 ornatusque
1054 352 1138 410 prae·

138 444 236 494 texta:
274 455 412 512 praesens
444 455 554 496 numen
589 445 676 512 atque
710 436 796 494 etiam
832 433 979 494 fatidicum
1007 434 1138 491 indicant

138 545 241 594 sortes.
299 534 405 612 Sparsa
439 545 505 594 sunt
539 537 616 594 eirca
647 535 752 593 sacella
779 533 931 609 complura
958 531 1137 607 totidemque

139 633 176 704 di,
220 633 271 693 Sui
299 636 403 712 cuique
431 636 585 705 veneratio,
610 651 696 692 suum
724 650 842 702 nomen,
871 631 1044 708 quibusdam
1069 646 1138 688 vero

139 733 227 792 etiam
251 734 355 792 fontes.
406 733 485 792 Nam
510 744 623 810 praeter
646 733 727 790 illum
749 731 832 807 quasi
853 737 1004 805 parentem
1028 737 1139 788 eetero-

94 855 124 905 25
139 850 204 889 rum
233 841 300 891 sunt
327 833 456 891 minores
481 833 576 910 capite
598 831 729 904 discreti;
761 830 813 888 sed
836 829 949 887 flumini
971 829 1138 898 miscentur,

139 930 220 1005 quod
247 942 338 1007 ponte
365 931 572 990 transmittitur.
626 931 658 989 Is
685 931 826 988 terminus
853 929 930 987 sacri
955 925 1138 1003 profanique.

139 1029 176 1087 In
211 1031 358 1105 superiore
385 1039 467 1106 parte
502 1030 639 1104 navigare
666 1037 787 1100 tantum,
814 1026 889 1085 infra
922 1027 1009 1085 etiam
1037 1036 1138 1084 natare

139 1147 323 1188 concessum.
373 1128 527 1190 Balineum
558 1130 748 1206 Hispellates,
783 1129 889 1204 quibus
922 1127 1004 1185 illum
1037 1126 1137 1185 locum

139 1229 221 1287 divus
242 1230 392 1305 Augustus
417 1231 498 1289 dono
523 1230 610 1296 dedit,
631 1230 747 1306 publice
772 1229 921 1304 praebent,
944 1227 1085 1302 praebent
1109 1235 1139 1282 et

93 1349 126 1397 30
138 1327 306 1403 hospitium.
349 1327 414 1387 Nec
428 1329 533 1388 desunt
546 1329 636 1400 villae,
651 1347 727 1404 quae
741 1337 857 1387 secutae
872 1324 1000 1384 fluminis
1015 1341 1137 1382 amoen-

138 1428 237 1486 itatem
259 1427 382 1503 margini
399 1428 541 1486 insistunt.
583 1427 620 1485 In
640 1445 754 1486 summa
772 1425 843 1484 nihil
864 1425 916 1484 erit
938 1443 973 1482 ex
994 1442 1054 1500 quo
1075 1440 1137 1480 non

139 1526 238 1601 capias
265 1526 449 1601 voluptatem.
503 1525 581 1584 Nam
610 1526 739 1585 studebis
767 1543 903 1603 quoque3
937 1526 1019 1602 leges
1047 1523 1139 1581 multa

138 1624 295 1684 multorum
320 1625 457 1684 omnibus
478 1625 631 1697 columnis,
653 1625 790 1684 omnibus
810 1624 966 1702 parietibus
989 1623 1137 1698 inscripta,

139 1723 245 1800 quibus
269 1721 336 1781 fons
360 1723 407 1782 ille
432 1723 562 1799 deusque
588 1724 756 1782 celebratur.
807 1723 893 1782 Plura
915 1723 1054 1792 laudabis,
1076 1739 1139 1780 non

93 1847 124 1897 35
138 1822 218 1881 nulla
244 1822 366 1894 ridebis;
403 1840 582 1899 quamquam
609 1832 642 1882 tu
668 1840 746 1894 vem,
775 1839 850 1898 quae
883 1831 933 1880 tua
963 1821 1139 1892 humanitas,

139 1921 218 1980 nulla
238 1921 353 1981 ridebis.
395 1919 478 1980 Vale.

377 2045 511 2180 fli-n.
551 2085 681 2164 (soor
703 2089 731 2148 s.
755 2083 813 2164 1⁶.)

173 2219 304 2282 Althougb
318 2218 390 2281 Pliny
402 2217 520 2266 comforts
534 2216 636 2267 himself
644 2218 683 2266 for
698 2217 739 2266 the
754 2217 805 2266 loss
821 2216 851 2265 of
863 2217 902 2266 his
916 2216 994 2265 slaves
1008 2216 1042 2278 by
1054 2229 1140 2264 manu-

140 2303 241 2366 mitting
262 2302 330 2352 them
352 2300 435 2350 before
452 2300 534 2355 death,
551 2300 600 2348 and
616 2301 760 2365 pennitting
780 2300 847 2349 them
864 2308 891 2349 to
908 2300 1006 2363 dispose
1028 2299 1058 2346 of
1076 2297 1140 2346 their

140 2393 258 2451 property
275 2385 308 2447 by
325 2384 383 2439 will.
401 2390 441 2447 yet
458 2384 500 2432 the
516 2383 646 2446 humanity
662 2383 743 2432 which
760 2389 872 2448 prompta
889 2382 937 2432 this
960 2381 1102 2431 concession
1119 2380 1140 2428 is

140 2468 230 2532 deeply
241 2467 344 2517 affected
355 2467 389 2530 by
400 2467 464 2516 their
475 2467 584 2516 deoease.
662 2531 664 2536 Ι

425 2604 450 2646 C·
466 2603 577 2644 PLINIUS
597 2603 731 2644 PATERNO
754 2604 807 2645 SUO
828 2604 852 2644 S.

182 2710 382 2770 Confecemnt
408 2727 457 2768 me
483 2709 664 2767 infirmitates
692 2727 834 2778 meorum,
861 2718 969 2766 mortes
992 2708 1088 2778 etiam,
1111 2717 1140 2765 et

140 2811 260 2889 quidem
287 2811 432 2868 iuvenum.
489 2807 604 2874 Solacia
632 2807 691 2866 duo
723 2825 909 2884 nequaquam
944 2808 1024 2882 paria
1058 2816 1154 2888 tanto¹

141 2912 244 2982 dolori,
259 2909 367 2970 solacia
380 2919 498 2966 tamen:
524 2926 618 2986 unum
636 2905 757 2966 facilitas
778 2908 1015 2981 manumittendi3
1040 2909 1141 2967 videor

141 3012 220 3070 enim
248 3027 310 3069 non
334 3009 457 3069 omnino
485 3008 646 3065 inmaturos
671 3007 831 3084 perdidisse
852 3010 928 3083 'quos
950 3007 1009 3065 iam
1034 3008 1140 3067 liberos

113 3109 270 3186 5perdidi:
296 3109 426 3178 alterum,
448 3107 536 3184 quod
550 3106 685 3181 permitto
708 3107 795 3164 servis
816 3123 932 3182 quoque
953 3108 1036 3182 quasi
1053 3116 1140 3165 testa·

141 3219 240 3268 menta
253 3207 349 3267 facere
363 3225 454 3282 eaque
474 3216 505 3264 ut
524 3205 652 3281 legitima
674 3205 816 3263 custodio.
859 3203 1002 3263 Mandant
1022 3214 1141 3280 rogant·

141 3326 198 3384 que
234 3307 313 3383 quod
347 3307 458 3378 visum;
500 3322 590 3380 pareo
627 3314 659 3362 ut
693 3305 804 3364 iussus:
847 3305 984 3376 dividunt,
1020 3303 1140 3376 donant,

140 3409 316 3483 relinquunt,
331 3405 481 3465 dumtaxat
499 3405 574 3463 intra
594 3403 731 3463 domum:
762 3423 831 3462 nam
850 3405 938 3464 servis
957 3422 1003 3461 res
1024 3404 1141 3479 publica

141 3506 286 3583 quaedam
317 3513 346 3562 et
380 3504 462 3579 quasi
491 3504 590 3562 civitas
618 3502 723 3562 domus
759 3514 811 3563 est.
869 3502 927 3562 Sed
961 3521 1140 3579 quamquam

98 3624 127 3658 10
140 3605 186 3666 his
221 3603 336 3665 solaciis
363 3603 559 3680 adquiescam‚
588 3603 721 3663 debilitor
746 3611 774 3662 et
801 3601 920 3680 frangor
954 3603 1059 3662 eadem
1093 3603 1141 3662 illa
