2636 3980
196 159 355 208 LETTERS
380 159 423 207 01³
446 159 475 210 0.
490 158 638 206 PLINIUS
661 158 854 208 CAECILIUS.
869 158 1059 211 SECUNDUS.
1111 168 1130 232 3

134 318 231 394 implet
256 328 284 377 et
309 319 459 378 circumit?
472 341 474 345 ’
489 319 559 395 quid
584 319 706 394 triclinia
730 319 776 395 illa
801 319 960 396 popularia,
986 320 1033 378 illa
1058 339 1129 398 pau-

134 419 253 496 corum?
275 417 344 494 quid
362 418 495 476 cubicula
514 419 617 476 diurna
636 421 797 477 nocturna?
819 419 972 495 possident
990 431 1018 480 te
1033 431 1061 479 et
1078 440 1130 498 per

113 512 208 598 lvices
233 517 412 593 partiuntur?
448 536 495 599 an,
518 528 550 574 ut
578 517 702 587 solebas
727 517 887 576 intentione
913 519 954 576 rei
983 518 1129 580 familiaris

134 616 286 674 obeundae
307 617 412 676 crebris
434 617 653 675 excursionibus
674 617 823 676 avocans?
866 617 897 676 si
921 627 950 677 te
970 619 1129 695 possident,

94 722 123 756 10
134 711 199 772 felix
226 715 386 791 beatusque
411 733 459 786 es;
493 715 517 773 si
545 715 651 786 minus,
676 733 753 774 unus
781 734 818 773 cx
846 716 951 775 multis.
994 715 1074 788 Quin
1098 728 1130 778 tu

127 808 260 892 ‘ltempus
279 823 323 872 est
342 810 432 890 enim)
447 813 572 871 humiles
591 823 620 872 et
639 814 771 872 sordidas
787 832 869 872 curas
885 815 946 873 aliis
963 816 1086 876 mandas
1102 827 1131 876 et

134 909 194 984 ipse
208 919 236 968 te
251 911 281 968 'm
301 912 360 1002 alto
379 913 435 971 isto
449 913 608 988 pinguique
626 930 743 970 secessu
758 912 857 970 studiis
872 914 1001 972 adseris?
1023 914 1080 974 hoc
1096 906 1131 975 sit

133 1011 283 1084 negotium
307 1019 398 1082 tuum,
423 1011 601 1081 boeotium,
627 1009 673 1067 hic
697 1010 787 1080 labor,
810 1010 881 1070 baec
903 1013 1001 1089 quies:
1031 1015 1061 1072 in
1085 1015 1131 1074 his

134 1106 235 1182 vigilia,
257 1108 286 1165 in
307 1109 351 1166 his
373 1109 460 1167 etiam
483 1127 604 1168 somnus
628 1119 792 1185 reponatur.
834 1109 950 1186 Effinge
971 1110 1079 1190 aliquid
1100 1123 1130 1172 et

92 1209 121 1258 ΙᾸ5
134 1205 262 1278 exclude,
291 1208 370 1283 quod
403 1209 437 1266 sit
468 1218 609 1284 perpetuo
638 1216 728 1265 tuum.
785 1207 864 1265 Nam
894 1209 1002 1285 reliqua
1033 1229 1130 1269 rerum

133 1311 245 1361 tuarum
264 1314 379 1380 postte
398 1306 486 1365 alium
508 1317 595 1383 atquc
614 1307 701 1364 alium
720 1305 872 1364 dominum
893 1309 1054 1396 sortientur,
1071 1307 1149 1377 hocl

134 1419 293 1478 numquam
312 1411 394 1462 tuum
414 1404 526 1464 desinet
546 1423 618 1476 esse,
634 1404 657 1464 si
672 1405 763 1463 semel
780 1406 915 1482 coeperit.
959 1406 1026 1465 Scio
1041 1425 1130 1484 quern

133 1483 269 1572 animum,
292 1504 373 1578 quod
393 1503 490 1562 horter
510 1505 670 1580 ingenium.
712 1503 761 1561 Tu
784 1503 875 1562 modo
897 1505 1004 1563 enitere
1025 1515 1057 1564 ut
1078 1507 1130 1565 tibi

132 1597 195 1674 ipsc
210 1599 248 1658 sis
263 1602 343 1674 tanti,
358 1602 459 1678 quanti
473 1602 615 1660 videberis
630 1602 700 1671 aliis
717 1602 741 1659 si
754 1601 806 1659 tibi
821 1601 916 1661 fucris
957 1603 1040 1664 Vale.

472 1841 505 1898 4.
547 1832 677 1915 (Boon
701 1856 726 1894 1.
750 1834 790 1914 ⁶.)
898 1822 933 1876 t

280 1981 336 2031 The
347 1989 488 2046 sportsman
498 1982 561 2032 need
571 1989 615 2032 not
625 1983 695 2032 leave
706 1981 745 2030 his
757 1981 849 2030 studies
861 1987 887 2030 at
898 1981 980 2032 home.

343 2121 369 2161 C·
390 2120 503 2160 PLINIUS
523 2119 669 2161 CORNELIO
691 2119 796 2161 TACITO
817 2117 871 2160 SUO
892 2119 914 2160 S.

172 2232 300 2306 Ridebis,
319 2244 347 2294 et
367 2234 434 2292 licet
454 2233 557 2292 rideas.
600 2231 666 2310 Ego
687 2233 734 2292 illc
754 2251 843 2309 quem
864 2233 941 2292 nosti
962 2252 1050 2311 apros
1070 2244 1129 2298 tres

130 2343 158 2392 et
184 2333 303 2409 quidem
327 2332 536 2410 pulcherrimos
561 2335 633 2408 cepi.
683 2332 771 2412 Ipsei
799 2333 904 2408 inquis.
950 2333 1036 2409 Ipse;
1065 2353 1128 2394 non

129 2441 229 2490 tamen
248 2442 279 2491 ut
298 2431 420 2490 omnino
434 2432 472 2489 ab
489 2431 590 2489 inertia
608 2449 676 2490 mea
692 2441 721 2488 et
738 2431 832 2510 quiete
848 2430 1036 2492 discederem.
1078 2433 1127 2492 Ad

129 2531 201 2588 retia
220 2530 358 2588 sedebam
367 2540 377 2587 ἐ
400 2539 461 2588 erat
479 2530 509 2588 in
528 2529 662 2605 proximo
682 2547 743 2587 non
758 2529 933 2587 venabulum
950 2539 999 2588 aut
1017 2530 1128 2604 lancea,

99 2627 183 2688 5sed
203 2628 283 2686 stilus
303 2638 331 2686 et
350 2627 521 2704 pugillares:
546 2626 706 2684 meditabar
724 2625 831 2702 aliquid
850 2627 1073 2704 enotabamque‚
1087 2639 1127 2700 ut,

128 2727 153 2785 si
174 2745 278 2785 manus
294 2744 409 2796 vacuas,
428 2725 530 2802 plenas
546 2735 646 2784 tamen
666 2743 746 2783 ceras
767 2735 952 2802 reportarem.
995 2725 1066 2784 Non
1083 2737 1128 2786 est

127 2825 210 2902 quod
229 2834 400 2884 contemnas
417 2823 473 2883 hoc
489 2823 625 2882 studendi
644 2839 755 2898 genus:
775 2824 881 2880 mirum
900 2832 994 2882 estut
1013 2825 1128 2886 animus

125 2924 285 3001 agitatione
306 2933 446 3000 motuque
463 2923 596 2998 corporis
618 2922 765 2982 excitetur.
808 2921 873 2978 lam
890 2921 1021 2999 undique
1042 2923 1129 2982 silvae

126 3033 157 3082 et
178 3023 304 3081 solitudo
325 3023 480 3098 ipsumque
502 3021 571 3078 illud
594 3020 746 3090 silentium,
769 3020 849 3096 quod
869 3021 1016 3078 venationi
1037 3021 1127 3093 datur,

78 3139 111 3175 ro
125 3139 238 3198 magna
252 3120 434 3198 cogitationis
449 3119 635 3178 incitamenta
651 3129 725 3177 sunt.
755 3119 880 3178 Proinde
896 3137 963 3177 curn
977 3121 1128 3192 venabere,

123 3221 224 3280 licebit
252 3231 369 3280 auctore
396 3238 444 3279 me
469 3229 500 3277 ut
527 3219 679 3296 panarium
704 3229 733 3278 et
760 3218 946 3295 lagunculam
972 3219 1014 3278 sic
1039 3219 1126 3278 etiam

122 3319 283 3397 pugillares
311 3319 400 3379 feras:
433 3320 587 3396 experieris
615 3336 675 3376 non
704 3317 828 3380 Dianam
857 3318 951 3396 magis
978 3318 1126 3378 montibus

122 3437 217 3498 quam
231 3418 393 3479 Minervam
407 3420 540 3478 inenare.
582 3417 665 3478 Vale.

600 3696 649 3740 Μ
