2636 3980
207 147 249 212 26
475 162 501 211 a.
522 161 719 211 sausorrorr
737 150 842 211 bnon
862 160 932 211 rna

1002 241 1037 294 a«

531 328 578 383 21.
621 319 750 399 (soon
773 341 799 380 2.
826 319 885 401 η.)

345 470 370 518 Α
381 468 528 534 description
540 469 570 518 oi
577 468 667 533 Pliny's
679 467 825 518 Laurentine
837 474 939 533 country
950 469 1035 519 house.

512 607 536 649 C.
559 607 671 648 PLINIUS
692 603 787 648 GALLO
809 607 862 649 SUO
883 608 905 648 S.

249 718 364 778 Miraris
389 738 439 778 cur
462 739 509 780 me
532 721 740 781 Laurentinum
761 722 815 792 vel,
840 721 864 781 si
887 721 927 780 ita
950 723 1050 795 mavis,
1071 722 1202 782 Laurens

209 837 308 878 meum
328 830 409 879 tanto
429 839 518 898 opere
537 820 674 880 delectet:
697 820 811 880 desines
828 820 931 894 mirari,
946 840 1014 880 cunr
1032 822 1202 899 cognoveris

208 921 332 996 gratiam
346 920 436 992 villae,
457 921 704 997 opportunitatem
725 919 790 992 loci,
805 920 895 979 litoris
915 921 1049 998 spatium.
1092 919 1203 979 Decem

209 1027 238 1078 et
252 1030 364 1095 septem
379 1018 494 1078 milibus
508 1038 648 1096 passuum
662 1020 700 1078 ab
716 1020 788 1078 urbe
809 1020 934 1090 recessit,
948 1030 979 1078 ut
993 1019 1115 1097 peractis
1129 1035 1203 1094 quae

210 1117 324 1193 agenda
337 1118 443 1177 luerint
463 1119 542 1179 salvo
556 1121 614 1178 iam
628 1129 657 1178 et
671 1119 836 1197 composito
856 1119 902 1178 die
916 1120 1011 1196 possis
1025 1119 1064 1177 ibi
1078 1135 1204 1176 manere.
1218 1131 1232 1180 5

210 1215 315 1276 Aditur
328 1236 390 1276 non
409 1236 468 1276 una
481 1222 542 1277 via:
563 1236 633 1277 nam
652 1229 681 1277 et
695 1218 871 1278 Laurentina
888 1229 916 1278 et
936 1218 1079 1278 Ostiensis
1100 1215 1204 1275 eodem

210 1315 314 1388 lerunt,
330 1316 382 1376 sed
397 1317 573 1376 Laurentina
590 1335 608 1375 a
629 1326 732 1393 quarto
753 1317 867 1377 decimo
886 1317 990 1394 lapide,
1007 1315 1148 1377 Ostiensis
1167 1315 1205 1372 ab

208 1415 365 1474 undecimo
385 1415 572 1492 relinquenda
593 1426 645 1475 est.
690 1415 842 1494 Utrimque
861 1417 968 1493 excipit
988 1417 1041 1475 iter
1054 1415 1149 1491 aliqua
1170 1431 1205 1472 ex

210 1524 292 1589 parte
306 1513 490 1587 harenosum,
501 1514 605 1574 iunctis
620 1515 707 1591 paulo
721 1517 835 1590 gravim
850 1525 879 1575 et
893 1515 1016 1592 longius,
1028 1531 1105 1592 equo
1118 1514 1205 1571 breve

209 1621 239 1671 et
259 1611 355 1670 molle.
397 1611 486 1670 Varia
504 1611 572 1671 hinc
591 1622 677 1690 atque
692 1613 759 1673 inde
775 1613 880 1673 facies:
904 1631 973 1672 nam
993 1613 1083 1670 modo
1105 1627 1251 1670 occur-10

210 1710 337 1768 rentibus
353 1709 428 1769 silvis
444 1711 489 1768 via
503 1719 654 1784 coartatur,
669 1711 760 1771 modo
773 1712 920 1772 latissimis
934 1712 1024 1790 pratis
1039 1709 1206 1770 diffunditur

209 1820 240 1869 et
260 1809 396 1886 patescit,
426 1809 507 1868 multi
527 1827 631 1885 greges
652 1811 759 1882 ovium,
780 1811 871 1870 multa
890 1811 930 1869 ibi
950 1828 1093 1888 equorum
1114 1809 1204 1867 boum

210 1918 349 1980 armenta,
377 1925 452 1985 quae
480 1909 628 1968 montibus
654 1909 750 1970 hieme
778 1910 898 1987 depulsa
925 1909 1021 1991 herbis
1048 1917 1077 1967 et
1104 1916 1205 1982 tepore

210 2026 300 2066 verno
315 2009 467 2067 nitescunt.
508 2008 584 2067 Villa
602 2009 702 2068 usibus
721 2027 822 2085 capax,
837 2026 898 2067 non
917 2017 1088 2083 sumptuosa
1108 2003 1206 2064 tutela.

211 2106 302 2165 Cuius
326 2107 357 2164 in
380 2107 474 2182 prima
501 2118 581 2184 parte
610 2109 712 2167 atrium
738 2108 812 2184 frugi
836 2125 892 2166 nec
917 2116 1015 2164 tamen
1038 2103 1205 2175 sordidum
1222 2125 1252 2175 15
1305 2169 1306 2174 η

212 2205 318 2265 deinde
348 2206 476 2281 porticus
503 2206 534 2263 in
561 2205 590 2265 D
617 2206 726 2266 litterae
761 2204 976 2266 similitudinem
1004 2204 1205 2274 circumactae,

211 2305 316 2382 quibus
330 2303 456 2380 parvula,
471 2304 524 2364 sed
537 2303 639 2364 festiva
652 2323 718 2363 area
731 2304 891 2378 includitur,
906 2304 1055 2381 egregium
1069 2300 1206 2360 adversus

211 2412 398 2480 tempestates
412 2403 643 2480 receptaculum:
665 2422 733 2462 nam
748 2403 944 2481 specularibus
958 2419 992 2461 ac
1006 2401 1097 2460 multo
1112 2400 1207 2476 magis

211 2502 430 2560 imminentibus
450 2502 533 2561 tectis
554 2503 728 2562 muniuntur.
769 2501 823 2560 Est
848 2499 1081 2561 contra'medias
1106 2515 1208 2557 cavae·

212 2601 292 2660 dium
306 2601 403 2672 hilare,
417 2617 488 2659 mox
502 2600 654 2659 triclinium
670 2601 739 2660 satis
753 2599 914 2678 pulchrum,
930 2598 1011 2676 quod
1025 2599 1055 2657 in
1074 2597 1140 2654 litus
1158 2613 1209 2653 ex·
1226 2614 1258 2648 πο

212 2699 307 2770 currit,
321 2717 356 2757 ac
377 2699 520 2776 siquando
542 2699 631 2757 africo
649 2717 728 2758 mare
747 2699 894 2776 inpulsum
915 2707 967 2768 est,
982 2696 1080 2756 fractis
1100 2695 1159 2752 iam
1178 2703 1210 2753 et

212 2797 377 2856 novissimis
404 2798 538 2856 fluctibus
565 2799 663 2857 leviter
691 2798 823 2857 adluitur.
875 2797 1013 2874 Undique
1035 2794 1132 2853 valvas
1160 2804 1211 2853 aut
1304 2865 1306 2870 ι

211 2896 351 2954 fenestras
368 2912 429 2953 non
450 2897 577 2955 minores
598 2896 686 2956 valvis
704 2896 801 2967 habet,
822 2905 908 2974 atque
928 2897 969 2954 ita
989 2913 1007 2955 a
1027 2894 1170 2964 lateribus,
1193 2911 1211 2951 a

213 2995 308 3054 fronte
336 2995 417 3071 quasi
450 2995 503 3052 tria
532 2995 622 3053 maria
656 3006 841 3072 prospectat3
877 3014 895 3054 a
921 3004 1005 3071 tergo
1033 2993 1211 3064 cavaedium,

213 3095 365 3174 porticum,
392 3111 498 3164 aream,
525 3093 671 3170 porticum
697 3112 804 3166 rursus,
832 3112 902 3152 mox
930 3094 1041 3164 atrium,
1071 3091 1155 3150 silvas
1182 3101 1213 3150 et
1230 3109 1262 3160 ²5

213 3194 390 3272 longinquos
403 3193 519 3269 respicit
532 3200 655 3251 montes.
699 3193 794 3252 Huius
815 3212 833 3251 a
854 3192 935 3251 laeva
954 3190 1101 3250 retractius
1121 3189 1212 3266 paulo

213 3291 378 3353 cubiculum
409 3299 452 3349 est
480 3291 616 3366 amplum,
646 3290 751 3350 deinde
780 3290 855 3350 aliud
883 3291 988 3362 minus,
1017 3288 1098 3366 quod
1122 3288 1213 3347 altera

213 3393 339 3452 fenestra
358 3389 480 3448 admittit
498 3389 648 3460 orientem,
666 3389 850 3448 occidentem
867 3389 955 3447 altera
975 3388 1086 3460 retinet,
1105 3385 1161 3446 hac
1180 3397 1212 3445 et

214 3489 367 3550 subiacens
381 3505 460 3546 mare
473 3487 590 3564 longius
604 3486 732 3564 quidem,
742 3487 794 3546 sed
808 3488 935 3546 securius
948 3488 1082 3545 intuetur.
1112 3483 1212 3544 Huius

212 3588 336 3647 cubiculi
363 3595 391 3647 et
419 3586 530 3646 triclinii
557 3585 631 3645 illius
662 3586 778 3646 obiectu
811 3583 963 3646 includitur
997 3584 1128 3661 angulus,
1158 3584 1211 3663 qui
1228 3600 1262 3650 30
