2626 3976
191 185 252 244 104
460 182 482 228 A
508 182 705 232 SELECTION
723 184 827 232 FROM
848 185 918 232 THE

186 356 325 413 magnam
360 339 457 412 fidem,
486 359 567 400 acres
602 342 713 414 oculos,
738 361 910 402 numerosas
945 359 1049 400 manus
1083 339 1189 416 poscit,

187 436 406 513 Experiendum
441 449 539 498 tamen
567 450 597 499 et
625 443 708 518 quasi
736 442 766 498 in
794 443 882 499 veteri
910 443 1015 500 morbo
1043 439 1190 516 quaelibet

187 537 353 596 mutationis
368 539 472 597 auxilia
487 541 658 616 temptanda
672 550 746 599 sunt.
783 540 874 598 Vides
886 558 973 617 quam
988 557 1051 597 non
1065 538 1189 597 delicata

186 653 234 693 me
249 655 337 695 causa
351 637 431 695 obire
446 639 572 712 primum
584 639 750 708 consulatus
761 639 801 696 tui
816 639 893 696 diem
908 656 969 697 non
984 638 1077 709 sinat3
1100 654 1189 712 quem
1302 658 1303 742 p

186 744 284 792 tamen
312 735 359 794 hic
388 753 505 812 quoque
532 748 563 795 ut
591 755 730 813 praesens
757 738 832 795 votis
860 736 968 812 gaudio
996 735 1189 812 gratulatione
1206 756 1237 791 20
1302 747 1303 818 l

187 832 350 891 celebrabo,
392 833 473 892 Vale.

511 1049 563 1102 84.
605 1041 734 1123 (BOOK
758 1062 784 1118 9.
808 1041 867 1121 39.)

205 1180 277 1244 Pliny
288 1180 356 1244 gives
367 1181 405 1230 his
417 1181 534 1230 architect
546 1198 561 1230 a
573 1182 729 1230 commission
740 1189 768 1230 to
780 1182 875 1230 rebuild
887 1198 902 1230 a
913 1182 1006 1246 temple
1018 1182 1048 1230 of
1055 1180 1127 1230 Ceres
1139 1197 1173 1229 on

367 1281 414 1314 one
426 1265 455 1313 of
462 1266 500 1314 his
512 1273 608 1324 estates,
620 1264 669 1315 and
681 1273 707 1314 to
719 1265 768 1314 add
779 1264 901 1330 porticoes
913 1281 972 1314 near
982 1265 1009 1315 it.

482 1413 505 1452 C.
529 1413 641 1453 PLINIUS
662 1412 769 1453 MUSTIO
791 1412 844 1452 SUO
866 1412 888 1452 S.

230 1532 429 1608 Haruspicum
450 1534 564 1592 monitu
584 1534 739 1592 reficienda
760 1543 804 1593 est
824 1535 895 1593 mihi
916 1535 1003 1593 aedes
1024 1532 1138 1593 Cereris
1157 1535 1190 1591 in

188 1631 313 1706 praediis
333 1632 363 1689 in
384 1632 486 1690 melius
508 1642 536 1690 et
557 1633 587 1689 in
607 1634 709 1704 maiuS,
730 1643 810 1691 vetus
831 1651 901 1691 sane
923 1643 951 1692 et
973 1642 1104 1708 angusta,
1120 1651 1190 1690 cum

189 1729 224 1787 sit
249 1730 355 1805 alioqui
380 1740 454 1788 stato
484 1731 530 1789 die
554 1729 793 1807 frequentissima.
835 1729 913 1791 Nam
938 1732 1033 1790 idibus
1056 1730 1190 1807 Septem-

187 1827 286 1887 bribus
315 1843 440 1906 magnus
468 1849 484 1888 e
512 1831 631 1907 regione
663 1840 723 1889 tota
755 1832 815 1888 coit
842 1830 977 1906 populus
1006 1829 1113 1888 multae
1141 1848 1190 1888 res

188 1939 318 2006 aguntur,
348 1929 438 1988 multa
465 1940 532 1989 vota
560 1930 761 2005 suscipiuntur,
791 1930 881 1988 multa
908 1929 1074 1988 redduntur.
1127 1928 1220 1987 Sed5

187 2030 300 2088 nullum
317 2030 347 2086 in
366 2030 501 2105 proximo
520 2030 678 2106 suffugium
700 2040 748 2087 aut
766 2029 865 2087 imbris
888 2038 937 2087 aut
958 2029 1033 2087 solis
1077 2027 1192 2086 Videor

188 2145 259 2202 ergo
283 2127 418 2184 munifice
442 2128 526 2185 simul
547 2128 737 2203 religioseque
762 2127 898 2198 facturus,
923 2129 946 2185 si
972 2128 1074 2185 aedem
1098 2145 1191 2202 quam

187 2225 410 2301 pulcherrimam
438 2235 598 2296 extruxere,
625 2225 764 2284 addidero
792 2227 920 2302 porticus
944 2226 1018 2298 aedi,
1043 2225 1120 2284 illam
1150 2227 1190 2284 ad

187 2342 273 2382 usum
298 2324 377 2394 deae,
402 2323 453 2381 has
476 2324 513 2383 ad
535 2324 695 2383 hominum.
737 2324 834 2382 Velim
856 2342 926 2400 ergo
947 2342 1028 2382 emas
1053 2333 1191 2399 quattuor

188 2440 366 2481 marmoreas
401 2422 560 2494 columnas,
590 2423 671 2482 cuius
699 2423 749 2482 tibi
777 2423 918 2480 videbitur
950 2423 1075 2498 generis
1104 2441 1190 2481 emas
1207 2445 1238 2478 10

187 2539 342 2591 marmora,
365 2522 470 2596 quibus
495 2522 599 2594 solum,
623 2521 728 2598 quibus
750 2522 873 2596 parietes
898 2521 1073 2579 excolantur.
1125 2521 1192 2579 Erit

188 2622 274 2678 etiam
288 2621 332 2678 vel
347 2621 513 2680 laciendum
532 2622 576 2679 vel
596 2621 752 2680 emendum
773 2621 863 2696 ipsius
884 2619 956 2678 deae
978 2621 1102 2696 signum,
1119 2621 1192 2696 quia

187 2720 339 2795 antiquum
367 2720 476 2778 illude
504 2720 585 2796 ligno
611 2720 788 2796 quibusdam
817 2719 861 2776 sui
889 2719 1019 2794 partibus
1047 2726 1191 2778 vetustate

188 2828 352 2875 truncatum
367 2827 418 2876 est.
461 2818 611 2891 Quantum
627 2819 665 2877 ad
684 2819 822 2894 porticus,
838 2817 907 2874 nihil
926 2817 1040 2874 interim
1054 2818 1190 2888 occurrit,

188 2916 269 2992 quod
283 2917 413 2976 videatur
425 2919 509 2976 istinc
524 2936 588 2976 esse
603 2918 812 2993 repetendum;
835 2919 890 2976 nisi
905 2927 1004 2976 tamen
1017 2927 1048 2974 ut
1062 2916 1191 2975 formam
1208 2939 1240 2986 15
1283 2923 1287 2934 ·

188 3015 350 3074 secundum
385 3017 528 3074 rationem
561 3016 618 3074 loci
652 3017 770 3075 scribas.
826 3015 930 3092 Neque
959 3017 1037 3074 enim
1064 3027 1193 3090 possunt

188 3114 358 3173 circumdari
385 3114 514 3191 templo:
556 3132 625 3172 nam
654 3115 749 3172 solum
781 3115 881 3190 templi
916 3115 985 3172 hinc
1013 3114 1133 3172 flumine
1162 3125 1193 3173 et

189 3214 398 3289 abruptissimis
420 3215 496 3289 ripis,
518 3214 586 3274 hinc
609 3214 654 3272 via
675 3215 807 3290 cingitur.
851 3213 902 3272 Est
923 3214 997 3272 ultra
1011 3214 1088 3271 viam
1111 3213 1193 3273 latis·

190 3314 295 3370 simum
323 3323 446 3388 pratum,
471 3314 501 3369 in
524 3330 583 3388 quo
607 3314 675 3372 satis
703 3323 769 3388 apte
799 3323 900 3371 contra
923 3312 1065 3388 templum
1093 3312 1195 3388 ipsum

189 3414 317 3488 porticus
341 3413 577 3488 explicabuntur;
608 3414 663 3472 nisi
688 3414 758 3490 quid
781 3424 811 3471 tu
836 3414 938 3473 melius
962 3413 1116 3484 inveneris
1140 3415 1195 3490 qui
1215 3437 1251 3471 20

189 3511 264 3570 soles
278 3512 410 3570 locorum
426 3510 606 3572 difficultates
621 3523 681 3572 arte
697 3531 844 3589 superare.
887 3513 970 3572 Vale.
