2636 3980
459 158 480 204 A
505 155 704 205 SELECTION
723 154 827 204 FROM
847 154 918 202 THE

440 411 485 500 a*
511 428 565 483 so.
607 417 735 499 (Boou
757 421 784 477 ⁶.
810 415 868 497 1⁶.)

221 572 299 634 Pliny,
312 579 338 620 at
354 570 397 620 the
413 577 510 635 request
523 569 553 618 of
560 571 668 628 Tacitae,
682 570 770 619 relates
786 569 843 616 how
854 568 893 617 his
908 569 978 616 uncle
995 568 1069 632 being
1080 568 1105 616 in
1122 583 1193 616 com-

189 654 263 702 mand
276 661 301 702 at
314 654 437 702 Misenum
449 653 547 700 crossed
558 652 600 700 the
617 652 667 714 bay
678 651 706 699 of
715 651 809 715 Naples
820 658 847 699 to
863 650 934 699 assist
946 650 987 698 the
1002 649 1113 698 sufferers
1124 649 1192 697 from

188 737 231 786 the
248 737 361 800 eruption
379 734 408 784 of
419 735 548 791 Vesuvius,
559 735 609 782 and
626 734 725 798 expired
738 733 828 797 during
842 733 885 781 the
902 733 1021 796 eruption,
1040 732 1193 796 apparently

189 820 252 870 from
264 820 305 868 the
317 818 427 868 effectos
435 818 477 868 the
488 818 636 882 sulphurous
647 832 754 881 vapours
766 816 961 880 accompanying
972 815 999 864 it.

489 973 513 1013 C.
535 971 648 1012 PLINIUS
669 970 775 1012 TACITO
796 971 849 1012 SUO
870 970 892 1011 S.

228 1102 306 1161 Petis
321 1112 352 1160 ut
366 1102 416 1161 tibi
435 1100 568 1160 avunculi
587 1101 644 1159 mei
666 1100 775 1158 exitum
797 1101 929 1171 scribam,
945 1118 1004 1176 quo
1024 1100 1117 1158 verius
1131 1110 1191 1160 tra-

190 1201 258 1260 dere
280 1202 403 1277 posteris
424 1200 529 1276 possis
572 1199 688 1258 Gratias
709 1216 785 1275 ago:
815 1217 885 1255 nam
903 1197 987 1256 video
1009 1200 1094 1257 morti
1116 1200 1188 1271 eiuS,

190 1301 213 1359 si
242 1300 400 1359 celebretur
427 1317 445 1356 a
472 1308 508 1369 te,
538 1297 721 1356 inmortalem
748 1296 870 1373 gloriam
898 1314 963 1354 esse
997 1298 1189 1373 propositam.

190 1398 330 1470 Quamvis
348 1397 426 1454 enim
445 1395 699 1471 pulcherrimarum
719 1394 800 1454 clade
819 1404 965 1466 terrarum,
980 1407 1011 1454 ut
1029 1396 1141 1472 populi,
1155 1406 1190 1455 ut

189 1498 284 1565 urbes,
313 1493 493 1553 memorabili
522 1511 591 1551 casu
625 1494 709 1568 quasi
744 1511 859 1570 semper
887 1495 1012 1553 victurus
1040 1496 1213 1566 occiderit,5
1299 1494 1300 1518 ¹

189 1594 320 1671 quamvis
339 1593 402 1667 ipse
421 1592 546 1668 plurima
564 1610 654 1668 opera
676 1601 704 1650 et
724 1611 861 1651 mansura
880 1594 1048 1666 condiderit
1063 1595 1189 1653 multum
1300 1570 1301 1580 ἵ

189 1705 287 1751 tamen
306 1691 486 1767 perpetuitati
505 1690 567 1748 eius
588 1691 760 1768 scriptorum
781 1700 896 1749 tuorum
915 1693 1067 1751 aeternitas
1091 1692 1189 1752 addet.

188 1791 335 1868 Equidem
345 1791 446 1848 beatos
461 1799 532 1866 puto
553 1789 658 1864 quibus
674 1789 794 1847 deorum
813 1806 934 1848 munere
954 1792 1053 1850 datum
1074 1802 1118 1850 est
1139 1803 1189 1851 aut

189 1891 284 1949 facere
304 1888 455 1948 scribenda
474 1898 523 1946 aut
544 1888 668 1947 scribere
689 1888 821 1963 legenda,
836 1890 1019 1948 beatissimos
1033 1908 1102 1948 vero
1123 1891 1189 1968 qui·

188 1992 243 2048 bus
257 1999 419 2064 utrumque.
461 1985 579 2044 Horum
598 1987 628 2045 in
649 2005 772 2044 numero
791 1989 948 2047 avunculus
970 2006 1052 2047 meus
1074 1999 1104 2047 et
1127 1989 1189 2047 suis
1202 2007 1231 2040 10

188 2088 266 2145 libris
295 2096 323 2143 et
345 2086 401 2144 tuis
425 2086 485 2143 erit.
537 2085 606 2157 Quo
629 2085 763 2144 libentius
787 2088 921 2163 suscipio,
947 2087 1076 2163 deposco
1099 2088 1189 2146 etiam

189 2185 270 2261 quod
291 2183 427 2258 iniungis.
468 2182 538 2241 Erat
563 2182 670 2241 Miseni
695 2184 876 2260 classemque
898 2187 1020 2262 imperio
1049 2205 1189 2262 praesens

188 2286 315 2361 regebat.
358 2281 480 2339 Nonum
495 2281 561 2339 Kal.
578 2280 764 2358 Septembres
783 2283 855 2342 hora
874 2285 934 2343 lere
953 2286 1076 2360 septima
1095 2296 1190 2344 mater

190 2403 256 2443 mea
283 2383 392 2441 indicat
420 2381 447 2438 ei
476 2399 617 2458 apparere
646 2383 754 2439 nubem
779 2383 915 2442 inusitata
937 2394 965 2442 et
988 2385 1190 2460 magnitudine

189 2495 218 2542 et
233 2483 336 2560 specie.
380 2480 460 2540 Usus
473 2480 519 2537 ille
539 2479 610 2550 sole,
624 2497 695 2537 mox
709 2479 820 2556 frigida,
835 2492 997 2558 gustaverat
1015 2483 1115 2542 iacens
1130 2493 1190 2543 stu-
1203 2503 1231 2550 15

191 2583 353 2658 dabatque:
384 2580 479 2655 poscit
507 2580 610 2651 soleas,
633 2580 763 2638 ascendit
787 2580 885 2637 locum
913 2600 950 2639 ex
975 2599 1035 2656 quo
1061 2583 1191 2641 maxime

190 2680 360 2748 miraculum
378 2679 447 2736 illud
468 2677 598 2753 conspici
622 2685 743 2752 poterat.
785 2674 897 2744 Nubes,
918 2679 1060 2737 incertum
1085 2682 1190 2756 procul

190 2780 364 2836 intuentibus
378 2797 415 2836 ex
430 2795 489 2853 quo
503 2786 603 2835 monte
619 2772 792 2853 (Vesuvium
812 2775 899 2834 fuisse
918 2787 1022 2853 postea
1036 2779 1190 2854 cognitum

190 2876 255 2955 est),
270 2878 422 2945 oriebatur,
438 2878 519 2935 cuius
535 2873 750 2932 similitudinem
766 2883 794 2932 et
808 2873 933 2932 formam
947 2895 1009 2935 non
1023 2877 1079 2933 alia
1093 2879 1190 2955 magis

189 2978 274 3035 arbor
288 2993 376 3051 quam
390 2976 475 3051 pinus
490 2973 671 3050 expresserit.
715 2973 793 3032 Nam
807 2974 978 3048 longissimo
993 2975 1069 3033 velut
1082 2985 1189 3036 trunco
1201 3002 1233 3038 ro

190 3076 265 3134 elata
285 3075 315 3132 in
338 3074 426 3131 altum
451 3072 624 3149 quibusdam
646 3072 733 3130 ramis
756 3071 978 3144 diffundebatur,
999 3074 1096 3146 credo,
1119 3078 1188 3151 quia

189 3174 297 3233 recenti
312 3173 411 3250 spiritu
425 3183 533 3242 evecta,
549 3172 616 3230 dein
637 3180 808 3230 senescente
827 3189 863 3230 eo
884 3171 1019 3230 destituta
1033 3182 1083 3230 aut
1097 3175 1187 3233 etiarn

189 3274 320 3350 pondere
335 3289 388 3330 suo
403 3271 477 3330 victa
495 3272 525 3329 in
545 3271 725 3329 latitudinem
745 3270 935 3328 vanescebat:
959 3271 1084 3330 candida
1098 3273 1186 3333 inter·
1283 3271 1290 3282 ”

190 3373 268 3443 dum,
282 3370 427 3430 interdum
442 3370 559 3428 sordida
577 3379 605 3428 et
623 3368 780 3439 maculosa,
794 3380 880 3444 prout
898 3372 1187 3431 terram'cineremve

190 3471 349 3531 sustulerat.
406 3469 549 3545 Magnum
576 3469 753 3545 propiusque
780 3470 971 3538 noscendum,
995 3445 1026 3529 ut
1054 3472 1230 3549 eruditis-25

191 3568 265 3626 simo
286 3570 355 3641 viro,
374 3569 476 3627 visum.
519 3568 603 3626 Iubet
622 3567 792 3627 liburnicam
813 3570 920 3646 aptari:
951 3569 1068 3641 mihi,si
1087 3571 1186 3630 venire
