2636 3980
201 175 241 230 20
472 175 495 226 A
520 173 717 230 &ELECTION
735 183 841 232 FROM
862 182 931 230 THE

199 353 252 418 per
275 339 336 400 leve
364 347 392 400 et
420 340 560 401 lubricum
589 343 786 420 pavimentum
809 344 925 404 fallente
948 342 1067 420 vestigio
1095 340 1199 402 cecidit

199 458 363 517 coxamque
377 439 468 515 fregit,
483 459 557 516 quae
573 460 675 517 parum
690 455 756 521 apte
776 445 917 504 collocata
931 442 1088 501 reluctante
1103 450 1198 499 aetate

198 541 275 599 male
304 533 380 598 coiit.
435 538 532 597 Huius
564 540 615 598 viri
649 545 789 620 exequiae
824 559 965 618 magnum
992 550 1197 599 ornamentum
1212 557 1242 592 ιο

198 639 329 718 principi,
352 648 494 713 magnum
523 639 647 714 saeculo,
673 661 814 721 magnum
838 643 925 703 etiam
948 641 1014 700 foro
1042 649 1071 698 et
1098 639 1197 698 rostris

198 737 361 797 attulerunt.
403 733 551 796 Laudatus
573 750 617 798 est
639 760 657 799 a
679 743 799 802 consule
821 740 958 800 Cornelio
980 733 1101 798 Tacito:
1127 754 1196 795 nam

197 837 244 896 hic
283 849 435 914 supremus
470 834 595 895 felicitati
633 840 693 898 eius
729 839 861 900 cumulus
902 838 1030 907 accessit,
1066 835 1198 895 laudator

198 934 459 1012 eloquentissimus.
503 935 541 994 Et
556 936 607 996 ille
628 939 746 1015 quidem
767 941 870 1017 plenus
891 939 974 999 annis
996 935 1071 1008 abiit,
1092 935 1196 1011 plenus

196 1034 366 1104 honoribus,
389 1033 443 1091 illis
471 1035 558 1092 etiarn
586 1053 659 1113 quos
687 1039 846 1097 recusavit:
877 1037 962 1095 nobis
985 1044 1083 1093 tamen
1107 1050 1195 1109 quae·
1210 1049 1239 1100 25

196 1133 304 1192 rendus
326 1151 360 1190 ac
382 1131 589 1193 desiderandus
614 1146 658 1194 est
681 1147 713 1196 ut
737 1135 887 1213 exemplar
908 1134 969 1193 aevi
990 1132 1102 1210 prioris,
1124 1132 1194 1190 mihi

195 1246 265 1291 vero
294 1231 459 1307 praecipue,
493 1233 542 1307 qui
573 1234 653 1293 illum
685 1252 746 1295 non
781 1235 875 1294 solum
905 1233 1020 1310 publice
1052 1239 1194 1308 quantum

196 1330 360 1388 admirabar
378 1338 490 1388 tantum
512 1330 683 1407 diligebam;
711 1334 836 1411 primurn
858 1330 938 1410 quod
957 1331 1070 1407 utrique
1091 1328 1194 1387 eadem

194 1429 286 1503 regia,
307 1427 465 1503 municipia
488 1428 615 1502 finitima,
638 1433 699 1509 agri
724 1432 811 1491 etiam
836 1430 1095 1507 possessionesque
1123 1442 1194 1485 con-

195 1528 319 1597 iunctae,
347 1536 496 1604 praeterea
525 1529 606 1605 quod
632 1531 679 1590 ille
707 1529 777 1588 mihi
802 1538 879 1588 tutor
906 1528 1021 1588 relictus
1049 1525 1193 1585 adfectum
1208 1541 1239 1590 30

194 1627 322 1702 parentis
350 1624 487 1684 exhibuit.
541 1626 588 1687 Sic
616 1630 802 1690 candidatum
830 1648 878 1688 me
906 1626 1044 1701 suffragio
1073 1623 1192 1694 ornavit,

195 1724 236 1783 sic
259 1725 297 1784 ad
317 1742 421 1783 omnes
443 1724 570 1786 honores
591 1746 675 1788 meos
696 1748 732 1788 ex
754 1721 914 1788 secessibus
936 1723 1102 1794 accucurrit,
1125 1741 1192 1782 cum

193 1823 252 1881 iam
273 1823 386 1899 pridem
407 1821 467 1884 eius
487 1822 568 1886 modi
589 1825 690 1887 officiis
710 1826 910 1896 renuntiasset,
925 1825 966 1883 sic
987 1819 1035 1880 illo
1058 1821 1112 1893 die,
1132 1838 1192 1898 quo
1239 1892 1242 1901 Ι

194 1923 359 1983 sacerdotes
394 1922 488 1985 solent
516 1928 667 1987 nominare
698 1941 773 2005 quos
808 1920 995 2003 dignissimos
1030 1921 1192 1981 sacerdotio

192 2022 327 2096 iudicant,
342 2043 389 2082 me
407 2043 521 2102 semper
535 2028 715 2086 nominabat.
758 2026 838 2098 Quin
859 2025 946 2083 etiarn
966 2023 997 2082 in
1018 2021 1073 2080 hac
1094 2021 1191 2080 novis-
1206 2033 1236 2084 35

193 2121 267 2180 sima
281 2121 442 2181 valetudine
456 2125 562 2184 veritus
581 2143 618 2183 ne
636 2124 710 2184 forte
728 2125 803 2183 inter
817 2121 1021 2199 quinqueviros
1036 2128 1189 2190 crearetur,

193 2218 242 2296 qui
269 2219 433 2278 minuendis
461 2219 582 2297 publicis
611 2224 774 2299 sumptibus
802 2221 910 2280 iudicio
938 2227 1054 2278 senatus
1080 2217 1189 2276 consti-

191 2318 353 2387 tuebantur,
378 2335 446 2376 cum
473 2315 511 2376 illi
539 2329 581 2378 tot
609 2321 695 2379 amici
724 2339 810 2380 senes
838 2317 1062 2392 consularesque
1091 2333 1191 2391 super·

191 2424 297 2487 essent,
321 2432 369 2473 me
391 2415 476 2474 huius
499 2415 600 2478 aetatis
622 2433 784 2496 perquem
812 2425 998 2477 excusaretur
1024 2415 1119 2489 elegit,
1145 2414 1191 2473 his

190 2514 311 2589 quidem
335 2514 439 2586 verbis,
464 2517 569 2574 ‘etiarn
596 2517 621 2576 si
643 2518 733 2576 filium
755 2518 901 2587 haberem,
927 2515 978 2574 tibi
1001 2511 1190 2571 mandarem!
1204 2527 1238 2576 40

192 2610 306 2682 Quibus
325 2631 361 2671 ex
378 2612 472 2672 causis
493 2633 613 2674 necesse
634 2625 678 2675 est
697 2626 846 2693 tamquam
867 2616 1040 2674 inmaturam
1064 2620 1191 2670 mortem

190 2709 252 2768 eius
276 2711 307 2768 in
329 2712 392 2770 sinu
414 2722 465 2770 tuo
494 2712 637 2788 defleam;
667 2703 693 2773 si
714 2724 813 2774 tamen
837 2715 881 2774 fas
906 2723 949 2773 est
977 2722 1026 2772 aut
1048 2710 1117 2769 flere
1141 2720 1191 2776 aut

191 2809 313 2866 omnino
343 2821 468 2870 mortem
496 2830 608 2884 vocare,
641 2827 698 2890 qua
728 2815 800 2873 tanti
828 2813 880 2871 viri
907 2812 1066 2872 mortalitas
1094 2811 1190 2886 magis

189 2905 270 2964 finita
285 2925 371 2983 quarn
385 2909 442 2967 vita
456 2919 509 2968 est.
539 2907 617 2969 Vivit
631 2913 710 2972 enim
723 2914 855 2988 vivetque
870 2927 986 2988 semper
1000 2919 1086 2985 atque
1101 2910 1189 2968 etiam

188 3003 273 3064 latius
291 3007 321 3063 in
340 3009 481 3067 memoria
493 3009 645 3068 hominurn
659 3020 688 3069 et
702 3029 837 3071 sermone
851 3010 1017 3078 versabitur,
1032 3017 1189 3085 postquam
1202 3019 1236 3069 45

188 3105 227 3163 ab
245 3104 336 3163 oculis
355 3108 478 3165 recessit.
521 3105 610 3167 Volui
631 3109 683 3167 tibi
702 3109 792 3168 multa
812 3110 866 3167 alia
887 3103 1021 3176 scribere,
1037 3105 1089 3165 sed
1109 3116 1188 3166 totus

188 3203 301 3262 animus
322 3203 352 3261 in
372 3203 427 3263 hac
447 3222 507 3264 una
528 3207 774 3284 contemplatione
796 3207 907 3267 defixus
930 3214 992 3264 est:
1014 3203 1189 3279 Verginium

188 3301 295 3377 cogito,
316 3300 487 3379 Verginium
508 3304 601 3374 video,
624 3305 795 3382 Verginium
817 3306 876 3365 iam
897 3303 978 3362 vanis
1005 3302 1189 3378 imaginibus,
1213 3357 1224 3368 ,

188 3401 351 3459 recentibus
365 3409 470 3473 tamen,
485 3402 581 3473 audio,
596 3403 745 3482 adloquor,
759 3412 854 3462 teneo.
898 3401 953 3460 Cui
967 3402 1090 3460 sortasse
1109 3402 1189 3462 cives

188 3492 301 3572 aliquos
325 3499 472 3558 virtutibus
501 3518 584 3576 pares
612 3512 640 3561 et
668 3501 809 3560 habemus
837 3509 866 3561 et
892 3499 1073 3572 babebimus,
1095 3499 1189 3576 gloria
1204 3509 1238 3560 50

187 3595 344 3657 neminem.
386 3596 467 3658 Vale.
