<?xml version="1.0" encoding="UTF-8"?>
<!DOCTYPE html PUBLIC "-//W3C//DTD XHTML 1.0 Transitional//EN"
    "http://www.w3.org/TR/xhtml1/DTD/xhtml1-transitional.dtd">
<html xmlns="http://www.w3.org/1999/xhtml" xml:lang="en" lang="en">
 <head>
  <title>
</title>
<meta http-equiv="Content-Type" content="text/html;charset=utf-8" />
  <meta name='ocr-system' content='tesseract 3.04.00' />
  <meta name='ocr-capabilities' content='ocr_page ocr_carea ocr_par ocr_line ocrx_word'/>
</head>
<body>
  <div class='ocr_page' id='page_1' title='image "./selectedletters02plingoog_0106.png"; bbox 0 0 2626 3976; ppageno 0'>
   <div class='ocr_carea' id='block_1_1' title="bbox 173 156 1125 239">
    <p class='ocr_par' dir='ltr' id='par_1_1' title="bbox 173 156 1125 239">
     <span class='ocr_line' id='line_1_1' title="bbox 173 156 1125 239; baseline 0 -21"><span class='ocrx_word' id='word_1_1' title='bbox 173 170 332 220; x_wconf 82' lang='lat' dir='ltr'><em>LETTERS</em></span> <span class='ocrx_word' id='word_1_2' title='bbox 356 173 400 220; x_wconf 81' lang='lat' dir='ltr'>OF</span> <span class='ocrx_word' id='word_1_3' title='bbox 423 172 451 222; x_wconf 79' lang='grc'>0.</span> <span class='ocrx_word' id='word_1_4' title='bbox 471 171 616 221; x_wconf 81' lang='lat' dir='ltr'><em>PLINIUS</em></span> <span class='ocrx_word' id='word_1_5' title='bbox 639 169 826 221; x_wconf 79' lang='lat' dir='ltr'><em>CAECILIUS</em></span> <span class='ocrx_word' id='word_1_6' title='bbox 848 171 1038 221; x_wconf 81' lang='lat' dir='ltr'><em>SECUNDUS.</em></span> <span class='ocrx_word' id='word_1_7' title='bbox 1085 156 1125 239; x_wconf 87' lang='lat'>89</span> 
     </span>
    </p>
   </div>
   <div class='ocr_carea' id='block_1_2' title="bbox 78 330 1226 701">
    <p class='ocr_par' dir='ltr' id='par_1_2' title="bbox 121 330 1226 509">
     <span class='ocr_line' id='line_1_2' title="bbox 122 330 1125 410; baseline -0.001 -22"><span class='ocrx_word' id='word_1_8' title='bbox 122 340 151 389; x_wconf 91' lang='lat' dir='ltr'>et</span> <span class='ocrx_word' id='word_1_9' title='bbox 165 330 259 391; x_wconf 85' lang='lat' dir='ltr'>forma</span> <span class='ocrx_word' id='word_1_10' title='bbox 273 332 413 394; x_wconf 88' lang='lat' dir='ltr'>laudatur.</span> <span class='ocrx_word' id='word_1_11' title='bbox 454 331 500 391; x_wconf 90' lang='lat' dir='ltr'>Ex</span> <span class='ocrx_word' id='word_1_12' title='bbox 517 333 588 410; x_wconf 93' lang='lat' dir='ltr'>ipsis</span> <span class='ocrx_word' id='word_1_13' title='bbox 606 333 701 405; x_wconf 89' lang='lat' dir='ltr'>etiam,</span> <span class='ocrx_word' id='word_1_14' title='bbox 717 351 792 409; x_wconf 91' lang='lat' dir='ltr'>quos</span> <span class='ocrx_word' id='word_1_15' title='bbox 807 351 867 392; x_wconf 90' lang='lat' dir='ltr'>non</span> <span class='ocrx_word' id='word_1_16' title='bbox 883 351 950 402; x_wconf 87' lang='lat' dir='ltr'>nna,</span> <span class='ocrx_word' id='word_1_17' title='bbox 965 341 998 390; x_wconf 92' lang='lat' dir='ltr'>ut</span> <span class='ocrx_word' id='word_1_18' title='bbox 1012 330 1125 400; x_wconf 92' lang='lat' dir='ltr'>dicitur,</span> 
     </span>
     <span class='ocr_line' id='line_1_3' title="bbox 121 430 1226 509; baseline -0.002 -21"><span class='ocrx_word' id='word_1_19' title='bbox 121 432 240 506; x_wconf 89' lang='lat' dir='ltr'>pertica,</span> <span class='ocrx_word' id='word_1_20' title='bbox 256 432 307 490; x_wconf 88' lang='lat' dir='ltr'>scd</span> <span class='ocrx_word' id='word_1_21' title='bbox 323 432 456 491; x_wconf 89' lang='lat' dir='ltr'>distincte</span> <span class='ocrx_word' id='word_1_22' title='bbox 467 432 668 509; x_wconf 83' lang='lat' dir='ltr'>gradatimque</span> <span class='ocrx_word' id='word_1_23' title='bbox 682 433 809 503; x_wconf 86' lang='lat' dir='ltr'><strong>tractavi,</strong></span> <span class='ocrx_word' id='word_1_24' title='bbox 822 440 932 508; x_wconf 89' lang='lat' dir='ltr'>quanto</span> <span class='ocrx_word' id='word_1_25' title='bbox 943 432 1008 508; x_wconf 89' lang='lat' dir='ltr'>quis</span> <span class='ocrx_word' id='word_1_26' title='bbox 1022 430 1125 488; x_wconf 89' lang='lat' dir='ltr'>melior</span> <span class='ocrx_word' id='word_1_27' title='bbox 1223 434 1226 439; x_wconf 82' lang='lat'>&#39;</span> 
     </span>
    </p>

    <p class='ocr_par' dir='ltr' id='par_1_3' title="bbox 78 529 1125 701">
     <span class='ocr_line' id='line_1_4' title="bbox 78 529 1125 606; baseline 0 -20"><span class='ocrx_word' id='word_1_28' title='bbox 78 551 110 598; x_wconf 77' lang='lat'>30</span> <span class='ocrx_word' id='word_1_29' title='bbox 122 539 151 587; x_wconf 89' lang='lat' dir='ltr'>et</span> <span class='ocrx_word' id='word_1_30' title='bbox 164 530 292 605; x_wconf 86' lang='lat' dir='ltr'>probior,</span> <span class='ocrx_word' id='word_1_31' title='bbox 303 539 385 588; x_wconf 89' lang='lat' dir='ltr'>tanto</span> <span class='ocrx_word' id='word_1_32' title='bbox 400 531 471 588; x_wconf 93' lang='lat' dir='ltr'>mihi</span> <span class='ocrx_word' id='word_1_33' title='bbox 485 530 641 605; x_wconf 86' lang='lat' dir='ltr'>obligatior</span> <span class='ocrx_word' id='word_1_34' title='bbox 655 531 732 600; x_wconf 88' lang='lat' dir='ltr'>abiit,</span> <span class='ocrx_word' id='word_1_35' title='bbox 744 539 879 606; x_wconf 87' lang='lat' dir='ltr'>expertus</span> <span class='ocrx_word' id='word_1_36' title='bbox 892 547 954 588; x_wconf 90' lang='lat' dir='ltr'>non</span> <span class='ocrx_word' id='word_1_37' title='bbox 968 547 1031 588; x_wconf 88' lang='lat' dir='ltr'>esse</span> <span class='ocrx_word' id='word_1_38' title='bbox 1046 529 1125 605; x_wconf 88' lang='lat' dir='ltr'>apud</span> 
     </span>
     <span class='ocr_line' id='line_1_5' title="bbox 121 629 891 701; baseline 0.005 -17"><span class='ocrx_word' id='word_1_39' title='bbox 121 645 170 686; x_wconf 87' lang='lat' dir='ltr'>me</span> <span class='ocrx_word' id='word_1_40' title='bbox 184 631 212 684; x_wconf 81' lang='grc' dir='ltr'>ἒν</span> <span class='ocrx_word' id='word_1_41' title='bbox 225 631 254 684; x_wconf 75' lang='grc' dir='ltr'>δὲ</span> <span class='ocrx_word' id='word_1_42' title='bbox 267 631 292 700; x_wconf 62' lang='lat' dir='ltr'>ig}</span> <span class='ocrx_word' id='word_1_43' title='bbox 306 635 366 701; x_wconf 80' lang='grc' dir='ltr'>τιμῇ</span> <span class='ocrx_word' id='word_1_44' title='bbox 380 629 443 701; x_wconf 74' lang='grc' dir='ltr'>ἠμὲν</span> <span class='ocrx_word' id='word_1_45' title='bbox 457 633 533 686; x_wconf 84' lang='grc' dir='ltr'><em>κακὸν</em></span> <span class='ocrx_word' id='word_1_46' title='bbox 546 629 592 701; x_wconf 74' lang='grc' dir='ltr'>ἠδὲ</span> <span class='ocrx_word' id='word_1_47' title='bbox 606 633 646 686; x_wconf 81' lang='grc' dir='ltr'>καὶ</span> <span class='ocrx_word' id='word_1_48' title='bbox 661 631 766 688; x_wconf 78' lang='grc' dir='ltr'>ἐσθλόν.</span> <span class='ocrx_word' id='word_1_49' title='bbox 808 629 891 689; x_wconf 84' lang='lat' dir='ltr'><strong>Vale.</strong></span> 
     </span>
    </p>
   </div>
   <div class='ocr_carea' id='block_1_3' title="bbox 457 808 789 891">
    <p class='ocr_par' dir='ltr' id='par_1_4' title="bbox 457 808 789 891">
     <span class='ocr_line' id='line_1_6' title="bbox 457 808 789 891; baseline -0.009 -18"><span class='ocrx_word' id='word_1_50' title='bbox 457 818 502 873; x_wconf 81' lang='lat'>71.</span> <span class='ocrx_word' id='word_1_51' title='bbox 546 808 676 890; x_wconf 90' lang='lat' dir='ltr'>(BOOK</span> <span class='ocrx_word' id='word_1_52' title='bbox 699 816 727 872; x_wconf 77' lang='lat'>8.</span> <span class='ocrx_word' id='word_1_53' title='bbox 749 809 789 891; x_wconf 82' lang='lat'>4.)</span> 
     </span>
    </p>
   </div>
   <div class='ocr_carea' id='block_1_4' title="bbox 121 931 1125 1258">
    <p class='ocr_par' dir='ltr' id='par_1_5' title="bbox 121 931 1125 1258">
     <span class='ocr_line' id='line_1_7' title="bbox 132 931 1125 1006; baseline 0 -19"><span class='ocrx_word' id='word_1_54' title='bbox 132 931 135 938; x_wconf 69' lang='grc'>’</span> <span class='ocrx_word' id='word_1_55' title='bbox 156 939 228 1003; x_wconf 92' lang='lat' dir='ltr'>Pliny</span> <span class='ocrx_word' id='word_1_56' title='bbox 249 941 434 1005; x_wconf 85' lang='lat' dir='ltr'>congratulates</span> <span class='ocrx_word' id='word_1_57' title='bbox 457 940 575 990; x_wconf 87' lang='lat' dir='ltr'>Caninius</span> <span class='ocrx_word' id='word_1_58' title='bbox 597 957 629 990; x_wconf 91' lang='lat' dir='ltr'>on</span> <span class='ocrx_word' id='word_1_59' title='bbox 656 941 750 1006; x_wconf 85' lang='lat' dir='ltr'>having</span> <span class='ocrx_word' id='word_1_60' title='bbox 778 941 868 991; x_wconf 87' lang='lat' dir='ltr'>chosen</span> <span class='ocrx_word' id='word_1_61' title='bbox 894 938 1006 1004; x_wconf 87' lang='lat' dir='ltr'>Trajan&#39;s</span> <span class='ocrx_word' id='word_1_62' title='bbox 1028 939 1125 988; x_wconf 90' lang='lat' dir='ltr'>Dacian</span> 
     </span>
     <span class='ocr_line' id='line_1_8' title="bbox 122 1023 1125 1089; baseline -0.002 -17"><span class='ocrx_word' id='word_1_63' title='bbox 122 1024 266 1087; x_wconf 84' lang='lat' dir='ltr'>campaigns</span> <span class='ocrx_word' id='word_1_64' title='bbox 283 1025 322 1073; x_wconf 85' lang='lat' dir='ltr'>for</span> <span class='ocrx_word' id='word_1_65' title='bbox 338 1025 380 1074; x_wconf 92' lang='lat' dir='ltr'>the</span> <span class='ocrx_word' id='word_1_66' title='bbox 396 1024 490 1087; x_wconf 90' lang='lat' dir='ltr'>subject</span> <span class='ocrx_word' id='word_1_67' title='bbox 506 1024 535 1074; x_wconf 86' lang='lat' dir='ltr'>of</span> <span class='ocrx_word' id='word_1_68' title='bbox 546 1040 578 1074; x_wconf 90' lang='lat' dir='ltr'>an</span> <span class='ocrx_word' id='word_1_69' title='bbox 593 1025 664 1089; x_wconf 85' lang='lat' dir='ltr'>epic;</span> <span class='ocrx_word' id='word_1_70' title='bbox 685 1025 752 1073; x_wconf 90' lang='lat' dir='ltr'>hints</span> <span class='ocrx_word' id='word_1_71' title='bbox 767 1031 793 1073; x_wconf 90' lang='lat' dir='ltr'>at</span> <span class='ocrx_word' id='word_1_72' title='bbox 805 1025 846 1074; x_wconf 92' lang='lat' dir='ltr'>the</span> <span class='ocrx_word' id='word_1_73' title='bbox 862 1023 982 1086; x_wconf 89' lang='lat' dir='ltr'>difficulty</span> <span class='ocrx_word' id='word_1_74' title='bbox 996 1023 1025 1073; x_wconf 86' lang='lat' dir='ltr'>of</span> <span class='ocrx_word' id='word_1_75' title='bbox 1038 1023 1125 1086; x_wconf 83' lang='lat' dir='ltr'>adapt-</span> 
     </span>
     <span class='ocr_line' id='line_1_9' title="bbox 121 1106 1124 1172; baseline -0.001 -17"><span class='ocrx_word' id='word_1_76' title='bbox 121 1108 166 1170; x_wconf 89' lang='lat' dir='ltr'>ing</span> <span class='ocrx_word' id='word_1_77' title='bbox 182 1107 224 1156; x_wconf 88' lang='lat' dir='ltr'>the</span> <span class='ocrx_word' id='word_1_78' title='bbox 246 1108 360 1156; x_wconf 89' lang='lat' dir='ltr'>barbaric</span> <span class='ocrx_word' id='word_1_79' title='bbox 376 1123 461 1156; x_wconf 88' lang='lat' dir='ltr'>names</span> <span class='ocrx_word' id='word_1_80' title='bbox 483 1115 510 1157; x_wconf 95' lang='lat' dir='ltr'>to</span> <span class='ocrx_word' id='word_1_81' title='bbox 527 1124 609 1167; x_wconf 91' lang='lat' dir='ltr'>verse;</span> <span class='ocrx_word' id='word_1_82' title='bbox 633 1109 683 1157; x_wconf 86' lang='lat' dir='ltr'>and</span> <span class='ocrx_word' id='word_1_83' title='bbox 699 1109 760 1172; x_wconf 87' lang='lat' dir='ltr'>begs</span> <span class='ocrx_word' id='word_1_84' title='bbox 780 1108 835 1156; x_wconf 90' lang='lat' dir='ltr'>that</span> <span class='ocrx_word' id='word_1_85' title='bbox 853 1107 895 1156; x_wconf 91' lang='lat' dir='ltr'>the</span> <span class='ocrx_word' id='word_1_86' title='bbox 914 1107 1004 1156; x_wconf 83' lang='lat' dir='ltr'>author</span> <span class='ocrx_word' id='word_1_87' title='bbox 1022 1106 1075 1155; x_wconf 88' lang='lat' dir='ltr'>will</span> <span class='ocrx_word' id='word_1_88' title='bbox 1090 1107 1124 1155; x_wconf 89' lang='lat' dir='ltr'>let</span> 
     </span>
     <span class='ocr_line' id='line_1_10' title="bbox 121 1189 944 1258; baseline 0.006 -21"><span class='ocrx_word' id='word_1_89' title='bbox 121 1190 174 1238; x_wconf 92' lang='lat' dir='ltr'>him</span> <span class='ocrx_word' id='word_1_90' title='bbox 185 1206 224 1240; x_wconf 90' lang='lat' dir='ltr'>see</span> <span class='ocrx_word' id='word_1_91' title='bbox 236 1191 375 1255; x_wconf 82' lang='lat' dir='ltr'>something</span> <span class='ocrx_word' id='word_1_92' title='bbox 387 1191 416 1240; x_wconf 90' lang='lat' dir='ltr'>of</span> <span class='ocrx_word' id='word_1_93' title='bbox 423 1191 462 1240; x_wconf 92' lang='lat' dir='ltr'>his</span> <span class='ocrx_word' id='word_1_94' title='bbox 473 1191 543 1241; x_wconf 89' lang='lat' dir='ltr'>work</span> <span class='ocrx_word' id='word_1_95' title='bbox 554 1189 628 1240; x_wconf 89' lang='lat' dir='ltr'>while</span> <span class='ocrx_word' id='word_1_96' title='bbox 640 1191 660 1240; x_wconf 94' lang='lat' dir='ltr'>it</span> <span class='ocrx_word' id='word_1_97' title='bbox 672 1191 693 1240; x_wconf 90' lang='lat' dir='ltr'>is</span> <span class='ocrx_word' id='word_1_98' title='bbox 704 1191 755 1240; x_wconf 92' lang='lat' dir='ltr'>still</span> <span class='ocrx_word' id='word_1_99' title='bbox 764 1191 789 1240; x_wconf 93' lang='lat' dir='ltr'>in</span> <span class='ocrx_word' id='word_1_100' title='bbox 801 1191 844 1240; x_wconf 92' lang='lat' dir='ltr'>the</span> <span class='ocrx_word' id='word_1_101' title='bbox 855 1191 944 1258; x_wconf 77' lang='lat' dir='ltr'>rough.</span> 
     </span>
    </p>
   </div>
   <div class='ocr_carea' id='block_1_5' title="bbox 415 1330 829 1372">
    <p class='ocr_par' dir='ltr' id='par_1_6' title="bbox 415 1330 829 1372">
     <span class='ocr_line' id='line_1_11' title="bbox 415 1330 829 1372; baseline -0.002 -1"><span class='ocrx_word' id='word_1_102' title='bbox 415 1331 440 1371; x_wconf 83' lang='lat' dir='ltr'>C.</span> <span class='ocrx_word' id='word_1_103' title='bbox 462 1330 573 1372; x_wconf 85' lang='lat' dir='ltr'><em>PLINIUS</em></span> <span class='ocrx_word' id='word_1_104' title='bbox 595 1330 712 1372; x_wconf 82' lang='lat' dir='ltr'>CANINIO</span> <span class='ocrx_word' id='word_1_105' title='bbox 733 1331 786 1372; x_wconf 91' lang='lat' dir='ltr'>SUO</span> <span class='ocrx_word' id='word_1_106' title='bbox 807 1331 829 1370; x_wconf 87' lang='lat' dir='ltr'>S.</span> 
     </span>
    </p>
   </div>
   <div class='ocr_carea' id='block_1_6' title="bbox 73 1425 1123 3675">
    <p class='ocr_par' dir='ltr' id='par_1_7' title="bbox 120 1425 1123 1798">
     <span class='ocr_line' id='line_1_12' title="bbox 163 1425 1122 1506; baseline -0.004 -19"><span class='ocrx_word' id='word_1_107' title='bbox 163 1426 283 1502; x_wconf 86' lang='lat' dir='ltr'>Optime</span> <span class='ocrx_word' id='word_1_108' title='bbox 297 1426 369 1486; x_wconf 85' lang='lat' dir='ltr'>facis</span> <span class='ocrx_word' id='word_1_109' title='bbox 389 1428 469 1504; x_wconf 92' lang='lat' dir='ltr'>quod</span> <span class='ocrx_word' id='word_1_110' title='bbox 488 1428 596 1486; x_wconf 86' lang='lat' dir='ltr'>bellurn</span> <span class='ocrx_word' id='word_1_111' title='bbox 610 1427 755 1488; x_wconf 84' lang='lat' dir='ltr'>Dacicum</span> <span class='ocrx_word' id='word_1_112' title='bbox 769 1429 894 1488; x_wconf 89' lang='lat' dir='ltr'>scribere</span> <span class='ocrx_word' id='word_1_113' title='bbox 908 1445 1002 1506; x_wconf 90' lang='lat' dir='ltr'>paras.</span> <span class='ocrx_word' id='word_1_114' title='bbox 1044 1425 1122 1484; x_wconf 89' lang='lat' dir='ltr'>Nam</span> 
     </span>
     <span class='ocr_line' id='line_1_13' title="bbox 122 1527 1123 1606; baseline -0.002 -23"><span class='ocrx_word' id='word_1_115' title='bbox 122 1544 197 1602; x_wconf 87' lang='lat' dir='ltr'>quae</span> <span class='ocrx_word' id='word_1_116' title='bbox 221 1535 281 1584; x_wconf 88' lang='lat' dir='ltr'>tam</span> <span class='ocrx_word' id='word_1_117' title='bbox 300 1545 409 1597; x_wconf 89' lang='lat' dir='ltr'>recens,</span> <span class='ocrx_word' id='word_1_118' title='bbox 429 1536 489 1586; x_wconf 88' lang='lat' dir='ltr'>tarn</span> <span class='ocrx_word' id='word_1_119' title='bbox 512 1529 641 1604; x_wconf 87' lang='lat' dir='ltr'>copiosa,</span> <span class='ocrx_word' id='word_1_120' title='bbox 661 1537 721 1586; x_wconf 88' lang='lat' dir='ltr'>tam</span> <span class='ocrx_word' id='word_1_121' title='bbox 741 1527 807 1598; x_wconf 80' lang='lat' dir='ltr'>lata,</span> <span class='ocrx_word' id='word_1_122' title='bbox 823 1547 898 1606; x_wconf 89' lang='lat' dir='ltr'>quae</span> <span class='ocrx_word' id='word_1_123' title='bbox 917 1527 1041 1602; x_wconf 91' lang='lat' dir='ltr'>denique</span> <span class='ocrx_word' id='word_1_124' title='bbox 1062 1535 1123 1582; x_wconf 89' lang='lat' dir='ltr'>tam</span> 
     </span>
     <span class='ocr_line' id='line_1_14' title="bbox 121 1623 1123 1702; baseline -0.001 -20"><span class='ocrx_word' id='word_1_125' title='bbox 121 1624 238 1700; x_wconf 88' lang='lat' dir='ltr'>poetica</span> <span class='ocrx_word' id='word_1_126' title='bbox 266 1634 294 1683; x_wconf 87' lang='lat' dir='ltr'>et</span> <span class='ocrx_word' id='word_1_127' title='bbox 329 1643 508 1702; x_wconf 90' lang='lat' dir='ltr'>quamquam</span> <span class='ocrx_word' id='word_1_128' title='bbox 542 1626 573 1683; x_wconf 92' lang='lat' dir='ltr'>in</span> <span class='ocrx_word' id='word_1_129' title='bbox 600 1626 755 1686; x_wconf 89' lang='lat' dir='ltr'>verissimis</span> <span class='ocrx_word' id='word_1_130' title='bbox 783 1628 869 1685; x_wconf 91' lang='lat' dir='ltr'>rebus</span> <span class='ocrx_word' id='word_1_131' title='bbox 904 1636 964 1686; x_wconf 92' lang='lat' dir='ltr'>tam</span> <span class='ocrx_word' id='word_1_132' title='bbox 991 1623 1123 1683; x_wconf 84' lang='lat' dir='ltr'>fabulosa</span> 
     </span>
     <span class='ocr_line' id='line_1_15' title="bbox 120 1724 1122 1798; baseline 0 -18"><span class='ocrx_word' id='word_1_133' title='bbox 120 1724 261 1782; x_wconf 86' lang='lat' dir='ltr'>materia?</span> <span class='ocrx_word' id='word_1_134' title='bbox 301 1724 390 1783; x_wconf 88' lang='lat' dir='ltr'>Dices</span> <span class='ocrx_word' id='word_1_135' title='bbox 411 1725 532 1784; x_wconf 90' lang='lat' dir='ltr'>inmissa</span> <span class='ocrx_word' id='word_1_136' title='bbox 552 1725 634 1784; x_wconf 90' lang='lat' dir='ltr'>terris</span> <span class='ocrx_word' id='word_1_137' title='bbox 656 1744 734 1785; x_wconf 87' lang='lat' dir='ltr'>nova</span> <span class='ocrx_word' id='word_1_138' title='bbox 756 1725 885 1798; x_wconf 88' lang='lat' dir='ltr'>flumina,</span> <span class='ocrx_word' id='word_1_139' title='bbox 902 1741 995 1782; x_wconf 89' lang='lat' dir='ltr'>novos</span> <span class='ocrx_word' id='word_1_140' title='bbox 1015 1733 1122 1798; x_wconf 91' lang='lat' dir='ltr'>pontes</span> 
     </span>
    </p>

    <p class='ocr_par' dir='ltr' id='par_1_8' title="bbox 73 1820 1123 3675">
     <span class='ocr_line' id='line_1_16' title="bbox 92 1820 1123 1898; baseline 0.002 -20"><span class='ocrx_word' id='word_1_141' title='bbox 92 1820 289 1881; x_wconf 87' lang='lat' dir='ltr'>5fluminibus</span> <span class='ocrx_word' id='word_1_142' title='bbox 316 1823 446 1896; x_wconf 91' lang='lat' dir='ltr'>iniectos,</span> <span class='ocrx_word' id='word_1_143' title='bbox 471 1824 584 1883; x_wconf 89' lang='lat' dir='ltr'>insessa</span> <span class='ocrx_word' id='word_1_144' title='bbox 612 1824 714 1883; x_wconf 89' lang='lat' dir='ltr'>castris</span> <span class='ocrx_word' id='word_1_145' title='bbox 738 1823 882 1880; x_wconf 90' lang='lat' dir='ltr'>montium</span> <span class='ocrx_word' id='word_1_146' title='bbox 905 1823 1036 1897; x_wconf 89' lang='lat' dir='ltr'>abrupta,</span> <span class='ocrx_word' id='word_1_147' title='bbox 1059 1822 1123 1898; x_wconf 93' lang='lat' dir='ltr'>pul-</span> 
     </span>
     <span class='ocr_line' id='line_1_17' title="bbox 121 1920 1120 1998; baseline -0.001 -20"><span class='ocrx_word' id='word_1_148' title='bbox 121 1938 187 1978; x_wconf 90' lang='lat' dir='ltr'>sum</span> <span class='ocrx_word' id='word_1_149' title='bbox 215 1921 302 1997; x_wconf 89' lang='lat' dir='ltr'>regia,</span> <span class='ocrx_word' id='word_1_150' title='bbox 331 1922 448 1998; x_wconf 90' lang='lat' dir='ltr'>pulsnm</span> <span class='ocrx_word' id='word_1_151' title='bbox 476 1923 563 1980; x_wconf 87' lang='lat' dir='ltr'>etiam</span> <span class='ocrx_word' id='word_1_152' title='bbox 587 1922 644 1980; x_wconf 89' lang='lat' dir='ltr'>vita</span> <span class='ocrx_word' id='word_1_153' title='bbox 671 1938 772 1997; x_wconf 90' lang='lat' dir='ltr'>regem</span> <span class='ocrx_word' id='word_1_154' title='bbox 799 1921 870 1978; x_wconf 90' lang='lat' dir='ltr'>nihil</span> <span class='ocrx_word' id='word_1_155' title='bbox 899 1920 1120 1995; x_wconf 81' lang='lat' dir='ltr'>desperantem3</span> 
     </span>
     <span class='ocr_line' id='line_1_18' title="bbox 120 2018 1122 2097; baseline -0.001 -20"><span class='ocrx_word' id='word_1_156' title='bbox 120 2036 208 2094; x_wconf 89' lang='lat' dir='ltr'>super</span> <span class='ocrx_word' id='word_1_157' title='bbox 234 2019 307 2078; x_wconf 91' lang='lat' dir='ltr'>haec</span> <span class='ocrx_word' id='word_1_158' title='bbox 336 2030 417 2080; x_wconf 88' lang='lat' dir='ltr'>actos</span> <span class='ocrx_word' id='word_1_159' title='bbox 442 2021 486 2080; x_wconf 91' lang='lat' dir='ltr'>bis</span> <span class='ocrx_word' id='word_1_160' title='bbox 511 2020 681 2097; x_wconf 91' lang='lat' dir='ltr'>triumphos,</span> <span class='ocrx_word' id='word_1_161' title='bbox 707 2036 833 2095; x_wconf 89' lang='lat' dir='ltr'>quorum</span> <span class='ocrx_word' id='word_1_162' title='bbox 858 2018 928 2077; x_wconf 83' lang='lat' dir='ltr'>alter</span> <span class='ocrx_word' id='word_1_163' title='bbox 955 2037 992 2076; x_wconf 86' lang='lat' dir='ltr'>ex</span> <span class='ocrx_word' id='word_1_164' title='bbox 1016 2019 1122 2077; x_wconf 89' lang='lat' dir='ltr'>invicta</span> 
     </span>
     <span class='ocr_line' id='line_1_19' title="bbox 119 2116 1123 2193; baseline 0.002 -19"><span class='ocrx_word' id='word_1_165' title='bbox 119 2126 208 2193; x_wconf 88' lang='lat' dir='ltr'>gente</span> <span class='ocrx_word' id='word_1_166' title='bbox 236 2117 356 2193; x_wconf 69' lang='lat' dir='ltr'>primus</span> <span class='ocrx_word' id='word_1_167' title='bbox 385 2119 456 2177; x_wconf 89' lang='lat' dir='ltr'>alter</span> <span class='ocrx_word' id='word_1_168' title='bbox 489 2117 662 2178; x_wconf 90' lang='lat' dir='ltr'>novissimus</span> <span class='ocrx_word' id='word_1_169' title='bbox 691 2116 752 2175; x_wconf 87' lang='lat' dir='ltr'>fuit.</span> <span class='ocrx_word' id='word_1_170' title='bbox 807 2116 884 2188; x_wconf 91' lang='lat' dir='ltr'>Una,</span> <span class='ocrx_word' id='word_1_171' title='bbox 914 2117 966 2177; x_wconf 92' lang='lat' dir='ltr'>sed</span> <span class='ocrx_word' id='word_1_172' title='bbox 993 2118 1123 2176; x_wconf 86' lang='lat' dir='ltr'>maxima</span> 
     </span>
     <span class='ocr_line' id='line_1_20' title="bbox 120 2214 1120 2293; baseline 0.002 -21"><span class='ocrx_word' id='word_1_173' title='bbox 120 2214 279 2286; x_wconf 74' lang='lat' dir='ltr'>difficultas</span> <span class='ocrx_word' id='word_1_174' title='bbox 306 2217 386 2293; x_wconf 92' lang='lat' dir='ltr'>quod</span> <span class='ocrx_word' id='word_1_175' title='bbox 408 2217 480 2275; x_wconf 91' lang='lat' dir='ltr'>haec</span> <span class='ocrx_word' id='word_1_176' title='bbox 503 2235 626 2293; x_wconf 87' lang='lat' dir='ltr'>aequare</span> <span class='ocrx_word' id='word_1_177' title='bbox 650 2216 775 2275; x_wconf 89' lang='lat' dir='ltr'>dicendo</span> <span class='ocrx_word' id='word_1_178' title='bbox 801 2217 923 2275; x_wconf 86' lang='lat' dir='ltr'>arduum</span> <span class='ocrx_word' id='word_1_179' title='bbox 944 2217 1120 2287; x_wconf 89' lang='lat' dir='ltr'>inmensum,</span> 
     </span>
     <span class='ocr_line' id='line_1_21' title="bbox 76 2314 1121 2392; baseline 0.005 -25"><span class='ocrx_word' id='word_1_180' title='bbox 76 2335 107 2368; x_wconf 82' lang='grc' dir='ltr'>ιο</span> <span class='ocrx_word' id='word_1_181' title='bbox 120 2314 208 2373; x_wconf 89' lang='lat' dir='ltr'>etiam</span> <span class='ocrx_word' id='word_1_182' title='bbox 236 2325 287 2374; x_wconf 94' lang='lat' dir='ltr'>tuo</span> <span class='ocrx_word' id='word_1_183' title='bbox 315 2316 442 2392; x_wconf 91' lang='lat' dir='ltr'>ingenio,</span> <span class='ocrx_word' id='word_1_184' title='bbox 468 2333 647 2392; x_wconf 89' lang='lat' dir='ltr'>quamquam</span> <span class='ocrx_word' id='word_1_185' title='bbox 674 2315 812 2374; x_wconf 83' lang='lat' dir='ltr'>altissime</span> <span class='ocrx_word' id='word_1_186' title='bbox 836 2316 973 2392; x_wconf 86' lang='lat' dir='ltr'>adsurgat</span> <span class='ocrx_word' id='word_1_187' title='bbox 1003 2326 1031 2376; x_wconf 93' lang='lat' dir='ltr'>et</span> <span class='ocrx_word' id='word_1_188' title='bbox 1060 2333 1121 2372; x_wconf 90' lang='lat' dir='ltr'>am·</span> 
     </span>
     <span class='ocr_line' id='line_1_22' title="bbox 119 2413 1120 2490; baseline -0.001 -18"><span class='ocrx_word' id='word_1_189' title='bbox 119 2413 258 2490; x_wconf 89' lang='lat' dir='ltr'>piissimis</span> <span class='ocrx_word' id='word_1_190' title='bbox 283 2415 421 2490; x_wconf 90' lang='lat' dir='ltr'>operibus</span> <span class='ocrx_word' id='word_1_191' title='bbox 441 2415 591 2474; x_wconf 88' lang='lat' dir='ltr'>increscat.</span> <span class='ocrx_word' id='word_1_192' title='bbox 642 2413 714 2475; x_wconf 89' lang='lat' dir='ltr'>Non</span> <span class='ocrx_word' id='word_1_193' title='bbox 735 2414 830 2473; x_wconf 89' lang='lat' dir='ltr'>nullus</span> <span class='ocrx_word' id='word_1_194' title='bbox 852 2425 881 2473; x_wconf 89' lang='lat' dir='ltr'>et</span> <span class='ocrx_word' id='word_1_195' title='bbox 905 2415 936 2473; x_wconf 91' lang='lat' dir='ltr'>in</span> <span class='ocrx_word' id='word_1_196' title='bbox 957 2414 1006 2472; x_wconf 91' lang='lat' dir='ltr'>illo</span> <span class='ocrx_word' id='word_1_197' title='bbox 1029 2414 1120 2484; x_wconf 88' lang='lat' dir='ltr'>labor,</span> 
     </span>
     <span class='ocr_line' id='line_1_23' title="bbox 119 2512 1121 2590; baseline 0.003 -21"><span class='ocrx_word' id='word_1_198' title='bbox 119 2522 151 2570; x_wconf 92' lang='lat' dir='ltr'>nt</span> <span class='ocrx_word' id='word_1_199' title='bbox 177 2513 301 2570; x_wconf 89' lang='lat' dir='ltr'>barbara</span> <span class='ocrx_word' id='word_1_200' title='bbox 322 2522 351 2571; x_wconf 92' lang='lat' dir='ltr'>et</span> <span class='ocrx_word' id='word_1_201' title='bbox 373 2512 434 2571; x_wconf 85' lang='lat' dir='ltr'>fera</span> <span class='ocrx_word' id='word_1_202' title='bbox 455 2513 585 2583; x_wconf 87' lang='lat' dir='ltr'>nomina,</span> <span class='ocrx_word' id='word_1_203' title='bbox 610 2513 641 2570; x_wconf 94' lang='lat' dir='ltr'>in</span> <span class='ocrx_word' id='word_1_204' title='bbox 663 2513 764 2588; x_wconf 90' lang='lat' dir='ltr'>primis</span> <span class='ocrx_word' id='word_1_205' title='bbox 787 2513 863 2588; x_wconf 89' lang='lat' dir='ltr'>regis</span> <span class='ocrx_word' id='word_1_206' title='bbox 885 2513 984 2589; x_wconf 92' lang='lat' dir='ltr'>ipsius,</span> <span class='ocrx_word' id='word_1_207' title='bbox 1009 2514 1121 2590; x_wconf 89' lang='lat' dir='ltr'>graecis</span> 
     </span>
     <span class='ocr_line' id='line_1_24' title="bbox 119 2610 1120 2688; baseline 0.004 -21"><span class='ocrx_word' id='word_1_208' title='bbox 119 2611 249 2670; x_wconf 89' lang='lat' dir='ltr'>versibus</span> <span class='ocrx_word' id='word_1_209' title='bbox 270 2629 332 2671; x_wconf 89' lang='lat' dir='ltr'>non</span> <span class='ocrx_word' id='word_1_210' title='bbox 352 2612 498 2671; x_wconf 86' lang='lat' dir='ltr'>resultent.</span> <span class='ocrx_word' id='word_1_211' title='bbox 543 2611 603 2670; x_wconf 85' lang='lat' dir='ltr'>Sed</span> <span class='ocrx_word' id='word_1_212' title='bbox 617 2610 687 2669; x_wconf 91' lang='lat' dir='ltr'>nihil</span> <span class='ocrx_word' id='word_1_213' title='bbox 709 2612 854 2688; x_wconf 90' lang='lat' dir='ltr'>estquod</span> <span class='ocrx_word' id='word_1_214' title='bbox 875 2630 938 2671; x_wconf 89' lang='lat' dir='ltr'>non</span> <span class='ocrx_word' id='word_1_215' title='bbox 960 2622 1019 2672; x_wconf 85' lang='lat' dir='ltr'>arte</span> <span class='ocrx_word' id='word_1_216' title='bbox 1037 2631 1120 2673; x_wconf 91' lang='lat' dir='ltr'>cura-</span> 
     </span>
     <span class='ocr_line' id='line_1_25' title="bbox 120 2703 1122 2789; baseline 0.001 -22"><span class='ocrx_word' id='word_1_217' title='bbox 120 2728 188 2786; x_wconf 89' lang='lat' dir='ltr'>que,</span> <span class='ocrx_word' id='word_1_218' title='bbox 216 2710 241 2768; x_wconf 91' lang='lat' dir='ltr'>si</span> <span class='ocrx_word' id='word_1_219' title='bbox 270 2703 331 2769; x_wconf 88' lang='lat' dir='ltr'>non</span> <span class='ocrx_word' id='word_1_220' title='bbox 359 2719 456 2786; x_wconf 91' lang='lat' dir='ltr'>potest</span> <span class='ocrx_word' id='word_1_221' title='bbox 479 2710 564 2782; x_wconf 90' lang='lat' dir='ltr'>vinci,</span> <span class='ocrx_word' id='word_1_222' title='bbox 589 2710 743 2786; x_wconf 88' lang='lat' dir='ltr'>mitigetur.</span> <span class='ocrx_word' id='word_1_223' title='bbox 798 2710 959 2789; x_wconf 78' lang='lat' dir='ltr'>Praeterea,</span> <span class='ocrx_word' id='word_1_224' title='bbox 988 2712 1011 2770; x_wconf 93' lang='lat' dir='ltr'>si</span> <span class='ocrx_word' id='word_1_225' title='bbox 1040 2711 1122 2770; x_wconf 91' lang='lat' dir='ltr'>datur</span> 
     </span>
     <span class='ocr_line' id='line_1_26' title="bbox 75 2807 1121 2884; baseline 0.001 -15"><span class='ocrx_word' id='word_1_226' title='bbox 75 2820 105 2869; x_wconf 85' lang='grc' dir='ltr'>Ι5</span> <span class='ocrx_word' id='word_1_227' title='bbox 119 2807 255 2867; x_wconf 86' lang='lat' dir='ltr'>Homero</span> <span class='ocrx_word' id='word_1_228' title='bbox 277 2818 308 2867; x_wconf 91' lang='lat' dir='ltr'>et</span> <span class='ocrx_word' id='word_1_229' title='bbox 327 2809 427 2867; x_wconf 87' lang='lat' dir='ltr'>mollia</span> <span class='ocrx_word' id='word_1_230' title='bbox 447 2808 589 2869; x_wconf 89' lang='lat' dir='ltr'>vocabula</span> <span class='ocrx_word' id='word_1_231' title='bbox 615 2818 643 2867; x_wconf 92' lang='lat' dir='ltr'>et</span> <span class='ocrx_word' id='word_1_232' title='bbox 665 2826 770 2884; x_wconf 88' lang='lat' dir='ltr'>graeca</span> <span class='ocrx_word' id='word_1_233' title='bbox 795 2809 833 2866; x_wconf 88' lang='lat' dir='ltr'>ad</span> <span class='ocrx_word' id='word_1_234' title='bbox 857 2809 1002 2868; x_wconf 89' lang='lat' dir='ltr'>levitatem</span> <span class='ocrx_word' id='word_1_235' title='bbox 1023 2829 1121 2870; x_wconf 91' lang='lat' dir='ltr'>versus</span> 
     </span>
     <span class='ocr_line' id='line_1_27' title="bbox 119 2907 1121 2982; baseline 0.001 -15"><span class='ocrx_word' id='word_1_236' title='bbox 119 2907 301 2979; x_wconf 86' lang='lat' dir='ltr'>contrahere,</span> <span class='ocrx_word' id='word_1_237' title='bbox 326 2908 493 2977; x_wconf 88' lang='lat' dir='ltr'>extendere,</span> <span class='ocrx_word' id='word_1_238' title='bbox 518 2907 673 2979; x_wconf 90' lang='lat' dir='ltr'>inflectere,</span> <span class='ocrx_word' id='word_1_239' title='bbox 697 2925 749 2966; x_wconf 92' lang='lat' dir='ltr'>cur</span> <span class='ocrx_word' id='word_1_240' title='bbox 773 2908 824 2965; x_wconf 91' lang='lat' dir='ltr'>tibi</span> <span class='ocrx_word' id='word_1_241' title='bbox 849 2908 949 2966; x_wconf 90' lang='lat' dir='ltr'>similis</span> <span class='ocrx_word' id='word_1_242' title='bbox 978 2909 1121 2982; x_wconf 87' lang='lat' dir='ltr'>audentia,</span> 
     </span>
     <span class='ocr_line' id='line_1_28' title="bbox 118 3006 1120 3083; baseline 0 -17"><span class='ocrx_word' id='word_1_243' title='bbox 118 3007 288 3083; x_wconf 88' lang='lat' dir='ltr'>praesertim</span> <span class='ocrx_word' id='word_1_244' title='bbox 303 3025 364 3064; x_wconf 90' lang='lat' dir='ltr'>non</span> <span class='ocrx_word' id='word_1_245' title='bbox 378 3006 501 3065; x_wconf 89' lang='lat' dir='ltr'>delicata</span> <span class='ocrx_word' id='word_1_246' title='bbox 520 3007 573 3065; x_wconf 89' lang='lat' dir='ltr'>sed</span> <span class='ocrx_word' id='word_1_247' title='bbox 589 3007 760 3077; x_wconf 87' lang='lat' dir='ltr'>necessaria,</span> <span class='ocrx_word' id='word_1_248' title='bbox 774 3024 837 3064; x_wconf 91' lang='lat' dir='ltr'>non</span> <span class='ocrx_word' id='word_1_249' title='bbox 852 3006 955 3065; x_wconf 83' lang='lat' dir='ltr'>detur?</span> <span class='ocrx_word' id='word_1_250' title='bbox 996 3007 1120 3066; x_wconf 91' lang='lat' dir='ltr'>Proinde</span> 
     </span>
     <span class='ocr_line' id='line_1_29' title="bbox 116 3105 1122 3181; baseline -0.001 -17"><span class='ocrx_word' id='word_1_251' title='bbox 116 3107 179 3165; x_wconf 91' lang='lat' dir='ltr'>iure</span> <span class='ocrx_word' id='word_1_252' title='bbox 214 3114 311 3164; x_wconf 87' lang='lat' dir='ltr'>vatum</span> <span class='ocrx_word' id='word_1_253' title='bbox 346 3106 486 3165; x_wconf 89' lang='lat' dir='ltr'>invocatis</span> <span class='ocrx_word' id='word_1_254' title='bbox 520 3106 564 3164; x_wconf 91' lang='lat' dir='ltr'>dis</span> <span class='ocrx_word' id='word_1_255' title='bbox 597 3116 626 3165; x_wconf 91' lang='lat' dir='ltr'>et</span> <span class='ocrx_word' id='word_1_256' title='bbox 653 3105 727 3164; x_wconf 87' lang='lat' dir='ltr'>inter</span> <span class='ocrx_word' id='word_1_257' title='bbox 755 3105 827 3164; x_wconf 91' lang='lat' dir='ltr'>deos</span> <span class='ocrx_word' id='word_1_258' title='bbox 855 3106 929 3181; x_wconf 87' lang='lat' dir='ltr'>ipsc,</span> <span class='ocrx_word' id='word_1_259' title='bbox 959 3108 1041 3166; x_wconf 93' lang='lat' dir='ltr'>cuius</span> <span class='ocrx_word' id='word_1_260' title='bbox 1075 3124 1122 3164; x_wconf 90' lang='lat' dir='ltr'>res</span> 
     </span>
     <span class='ocr_line' id='line_1_30' title="bbox 117 3204 1121 3282; baseline -0.001 -19"><span class='ocrx_word' id='word_1_261' title='bbox 117 3223 210 3282; x_wconf 87' lang='lat' dir='ltr'>opera</span> <span class='ocrx_word' id='word_1_262' title='bbox 237 3205 359 3267; x_wconf 87' lang='lat' dir='ltr'>consilia</span> <span class='ocrx_word' id='word_1_263' title='bbox 387 3205 515 3266; x_wconf 88' lang='lat' dir='ltr'>dicturus</span> <span class='ocrx_word' id='word_1_264' title='bbox 543 3223 584 3275; x_wconf 93' lang='lat' dir='ltr'>es,</span> <span class='ocrx_word' id='word_1_265' title='bbox 610 3205 733 3262; x_wconf 90' lang='lat' dir='ltr'>immitte</span> <span class='ocrx_word' id='word_1_266' title='bbox 760 3204 906 3277; x_wconf 86' lang='lat' dir='ltr'>rudentes,</span> <span class='ocrx_word' id='word_1_267' title='bbox 929 3206 1025 3282; x_wconf 90' lang='lat' dir='ltr'>pande</span> <span class='ocrx_word' id='word_1_268' title='bbox 1050 3205 1121 3276; x_wconf 90' lang='lat' dir='ltr'>vela,</span> 
     </span>
     <span class='ocr_line' id='line_1_31' title="bbox 73 3301 1122 3379; baseline 0.003 -20"><span class='ocrx_word' id='word_1_269' title='bbox 73 3322 152 3362; x_wconf 71' lang='lat' dir='ltr'>zoac</span> <span class='ocrx_word' id='word_1_270' title='bbox 182 3303 326 3379; x_wconf 91' lang='lat' dir='ltr'>siquando</span> <span class='ocrx_word' id='word_1_271' title='bbox 354 3303 434 3376; x_wconf 88' lang='lat' dir='ltr'>alias,</span> <span class='ocrx_word' id='word_1_272' title='bbox 456 3313 518 3362; x_wconf 89' lang='lat' dir='ltr'>toto</span> <span class='ocrx_word' id='word_1_273' title='bbox 546 3303 667 3379; x_wconf 86' lang='lat' dir='ltr'>ingenio</span> <span class='ocrx_word' id='word_1_274' title='bbox 696 3301 809 3361; x_wconf 92' lang='lat' dir='ltr'>vehere.</span> <span class='ocrx_word' id='word_1_275' title='bbox 866 3301 927 3362; x_wconf 91' lang='lat' dir='ltr'>Cur</span> <span class='ocrx_word' id='word_1_276' title='bbox 954 3305 1032 3362; x_wconf 89' lang='lat' dir='ltr'>enirn</span> <span class='ocrx_word' id='word_1_277' title='bbox 1059 3322 1122 3362; x_wconf 92' lang='lat' dir='ltr'>non</span> 
     </span>
     <span class='ocr_line' id='line_1_32' title="bbox 117 3400 1121 3478; baseline 0.001 -19"><span class='ocrx_word' id='word_1_278' title='bbox 117 3418 174 3475; x_wconf 88' lang='lat' dir='ltr'>ego</span> <span class='ocrx_word' id='word_1_279' title='bbox 204 3417 323 3478; x_wconf 91' lang='lat' dir='ltr'>quoque</span> <span class='ocrx_word' id='word_1_280' title='bbox 346 3402 460 3477; x_wconf 89' lang='lat' dir='ltr'>poetice</span> <span class='ocrx_word' id='word_1_281' title='bbox 484 3420 551 3461; x_wconf 89' lang='lat' dir='ltr'>cum</span> <span class='ocrx_word' id='word_1_282' title='bbox 580 3402 688 3477; x_wconf 84' lang='lat' dir='ltr'>poeta?</span> <span class='ocrx_word' id='word_1_283' title='bbox 740 3400 816 3459; x_wconf 91' lang='lat' dir='ltr'>Illud</span> <span class='ocrx_word' id='word_1_284' title='bbox 840 3402 899 3459; x_wconf 89' lang='lat' dir='ltr'>iam</span> <span class='ocrx_word' id='word_1_285' title='bbox 922 3420 1000 3466; x_wconf 91' lang='lat' dir='ltr'>nunc</span> <span class='ocrx_word' id='word_1_286' title='bbox 1027 3403 1121 3477; x_wconf 89' lang='lat' dir='ltr'>pacis-</span> 
     </span>
     <span class='ocr_line' id='line_1_33' title="bbox 116 3500 1122 3576; baseline 0.002 -18"><span class='ocrx_word' id='word_1_287' title='bbox 116 3517 185 3558; x_wconf 88' lang='lat' dir='ltr'>cor:</span> <span class='ocrx_word' id='word_1_288' title='bbox 222 3501 317 3576; x_wconf 88' lang='lat' dir='ltr'>prima</span> <span class='ocrx_word' id='word_1_289' title='bbox 344 3519 478 3576; x_wconf 90' lang='lat' dir='ltr'>quaeque</span> <span class='ocrx_word' id='word_1_290' title='bbox 506 3511 538 3559; x_wconf 91' lang='lat' dir='ltr'>ut</span> <span class='ocrx_word' id='word_1_291' title='bbox 567 3500 734 3571; x_wconf 90' lang='lat' dir='ltr'>absolveris,</span> <span class='ocrx_word' id='word_1_292' title='bbox 762 3501 878 3571; x_wconf 90' lang='lat' dir='ltr'>mittito,</span> <span class='ocrx_word' id='word_1_293' title='bbox 906 3501 998 3558; x_wconf 90' lang='lat' dir='ltr'>immo</span> <span class='ocrx_word' id='word_1_294' title='bbox 1033 3501 1122 3560; x_wconf 91' lang='lat' dir='ltr'>etiam</span> 
     </span>
     <span class='ocr_line' id='line_1_34' title="bbox 115 3598 1122 3675; baseline -0.002 -13"><span class='ocrx_word' id='word_1_295' title='bbox 115 3607 183 3662; x_wconf 79' lang='lat' dir='ltr'>ante</span> <span class='ocrx_word' id='word_1_296' title='bbox 205 3617 295 3675; x_wconf 87' lang='lat' dir='ltr'>quam</span> <span class='ocrx_word' id='word_1_297' title='bbox 316 3600 458 3671; x_wconf 88' lang='lat' dir='ltr'>absolvas,</span> <span class='ocrx_word' id='word_1_298' title='bbox 481 3599 554 3663; x_wconf 91' lang='lat' dir='ltr'>sicut</span> <span class='ocrx_word' id='word_1_299' title='bbox 575 3610 658 3659; x_wconf 90' lang='lat' dir='ltr'>erunt</span> <span class='ocrx_word' id='word_1_300' title='bbox 679 3601 806 3661; x_wconf 88' lang='lat' dir='ltr'>recentia</span> <span class='ocrx_word' id='word_1_301' title='bbox 827 3610 855 3660; x_wconf 94' lang='lat' dir='ltr'>et</span> <span class='ocrx_word' id='word_1_302' title='bbox 872 3598 954 3658; x_wconf 90' lang='lat' dir='ltr'>rudia</span> <span class='ocrx_word' id='word_1_303' title='bbox 973 3608 1002 3658; x_wconf 87' lang='lat' dir='ltr'>et</span> <span class='ocrx_word' id='word_1_304' title='bbox 1023 3598 1122 3660; x_wconf 91' lang='lat' dir='ltr'>adhuc</span> 
     </span>
    </p>
   </div>
   <div class='ocr_carea' id='block_1_7' title="bbox 0 0 1318 3976">
    <p class='ocr_par' dir='ltr' id='par_1_9' title="bbox 0 0 1318 3976">
     <span class='ocr_line' id='line_1_35' title="bbox 0 0 1318 3976; baseline 0 0"><span class='ocrx_word' id='word_1_305' title='bbox 0 0 1318 3976; x_wconf 95' lang='lat' dir='ltr'> </span> 
     </span>
    </p>
   </div>
  </div>
 </body>
</html>
