2636 3980
126 209 128 216 ,
179 172 336 221 LETTERS
359 175 403 222 OF
425 175 453 223 0.
470 175 617 223 PLINIUS
638 175 826 225 CAECILIUS
847 177 1037 224 SECUNDUS.
1075 185 1116 250 33

120 334 246 409 exempli
273 335 318 394 vel
347 337 473 413 aliquem
501 341 669 411 amicorum,
698 350 730 398 ut
757 357 805 398 me
833 341 974 416 proxime.
1018 339 1116 412 Quam

119 432 272 507 pulchrum
291 434 369 507 illud,
384 454 472 523 quam
490 438 577 497 dulce
596 442 755 498 secretuml
778 449 920 515 quantum
938 440 978 497 ibi
992 440 1117 514 antiqui·

80 547 110 580 20
119 530 203 588 tatis!
237 549 313 608 quae
341 532 426 605 sacta,
455 554 530 612 quos
558 537 635 596 viros
666 538 785 596 audiasl
821 536 926 612 quibus
952 535 1116 613 praeceptis

119 628 265 687 imbuarel
287 633 419 707 quamvis
437 633 483 692 ille
502 634 560 694 hoc
581 644 844 711 temperamentum
864 633 1025 694 modestiae
1046 651 1115 692 suae

119 724 262 798 indixerit,
284 747 322 786 ne
345 732 511 808 praecipere
533 734 670 792 videatur.
712 733 840 792 Peractis
862 742 974 808 septem
999 733 1116 790 milibus

118 840 258 897 passuum
273 827 375 885 iterum
395 831 523 888 ambulat
542 832 628 904 mille,
643 833 746 890 iterum
765 831 863 890 residit
877 831 921 888 vel
936 849 967 888 se
981 830 1115 889 cubiculo

118 939 152 978 ac
180 922 245 980 stilo
274 925 375 984 reddit.
418 927 520 986 Scribit
544 930 632 1001 enim,
654 939 683 988 et
711 931 829 1008 quidem
857 940 978 1006 utraque
1006 930 1113 1004 lingua,

77 1019 204 1094 25lyrica
231 1021 415 1083 doctissime:
447 1028 519 1086 mira
546 1029 600 1088 illis
629 1030 761 1101 dulced0,
787 1030 860 1087 mira
887 1029 1021 1100 suavitas
1042 1027 1116 1085 mira

117 1119 250 1191 hilaritas
274 1122 354 1181 cuius
383 1126 506 1199 gratiam
533 1128 660 1188 cumulat
687 1130 824 1188 sanctitas
853 1127 1013 1186 scribentis.
1055 1125 1116 1184 Ubi

117 1216 189 1276 hora
215 1219 321 1278 balinei
345 1224 475 1282 nuntiata
496 1235 540 1283 est
560 1224 617 1305 (est
643 1237 741 1285 autem
769 1226 865 1284 hieme
893 1243 982 1294 nona,
1004 1233 1114 1282 aestate

117 1315 240 1396 octava),
264 1319 295 1375 in
323 1320 393 1391 sole,
416 1323 439 1379 si
468 1333 547 1382 caret
574 1334 670 1397 vent0‚
696 1325 825 1384 ambulat
852 1323 956 1382 nudus.
998 1322 1115 1381 Deinde

116 1426 249 1474 movetur
269 1418 327 1493 pila
346 1419 532 1481 vehementer
552 1433 580 1481 et
601 1424 669 1482 diu:
698 1423 845 1483 namhoc
866 1439 984 1499 quoque
1005 1423 1113 1480 exerci-

90 1515 232 1574 orationis
254 1535 361 1592 genere
389 1530 501 1596 pugnat
526 1541 593 1580 cum
621 1533 778 1582 senectute.
821 1521 913 1580 Lotus
938 1521 1061 1579 accubat
1085 1530 1114 1578 et

116 1613 261 1690 paulisper
284 1617 381 1675 cibum
404 1617 515 1678 differt:
544 1622 657 1680 interim
685 1622 764 1680 audit
791 1622 937 1698 legentem
964 1620 1113 1679 remissius

81 1698 89 1722 ⁸
116 1712 224 1788 aliquid
238 1726 267 1774 et
281 1717 401 1777 dulcius.
442 1719 498 1780 Per
512 1720 569 1780 hoc
584 1740 672 1780 omne
685 1732 802 1798 tempus
816 1722 937 1779 liberum
952 1728 995 1778 est
1012 1720 1113 1778 amicis

115 1811 160 1868 vel
179 1813 285 1870 eadem
306 1815 401 1874 iacere
422 1818 467 1875 vel
488 1819 550 1890 alia,
573 1821 597 1879 si
618 1821 727 1878 malint.
770 1820 936 1896 Adponitur
957 1837 1030 1877 cena
1050 1835 1113 1876 non

114 1911 213 1969 minus
234 1913 324 1972 nitida
344 1933 432 1991 quam
454 1916 528 1993 frugi
548 1919 578 1975 in
599 1928 719 1994 argento
737 1935 811 1994 puro
833 1927 862 1976 et
882 1917 1018 1992 antiquo:
1045 1926 1113 1974 sunt

74 2028 104 2077 35
115 2011 145 2066 in
167 2022 270 2071 usuet
292 2012 450 2086 Corinthia,
472 2016 754 2091 quibusdelectatur
778 2006 836 2074 nec'
861 2015 1000 2074 adiicitur.
1042 2014 1113 2072 Fre·

115 2120 238 2184 quenter
263 2114 414 2172 comoedis
440 2133 513 2174 cena
540 2115 728 2191 distinguitur,
750 2127 782 2174 ut
804 2116 966 2192 voluptates
990 2132 1112 2191 quoque

115 2210 217 2268 studiis
248 2212 428 2272 condiantur.
482 2213 575 2271 Sumit
607 2215 715 2291 aliquid
741 2216 779 2274 de
806 2223 894 2275 nocte
923 2223 953 2273 et
986 2223 1111 2272 aestate:

114 2309 224 2366 nemini
245 2309 302 2368 hoc
320 2311 442 2387 longum
461 2320 505 2370 est
512 2333 520 2384 ;
542 2322 622 2372 tanta
641 2315 777 2373 comitate
797 2314 962 2373 convivium
982 2313 1108 2370 trahitur.

116 2409 192 2467 Inde
212 2409 252 2467 illi
271 2419 339 2486 post
359 2411 515 2487 septimum
536 2422 565 2471 et
586 2415 853 2490 septuagensimum
871 2431 982 2472 annum
999 2413 1111 2471 aurium

72 2525 105 2573 40
115 2508 266 2567 oculorum
280 2510 362 2586 vigor
376 2511 496 2586 integer,
510 2512 578 2571 inde
593 2513 666 2589 agile
681 2523 710 2572 et
723 2513 849 2572 vividum
864 2529 971 2588 corpus
990 2511 1111 2587 solaque

114 2625 153 2664 ex
170 2618 318 2667 senectute
332 2609 491 2684 prudentia.
534 2610 622 2670 Hanc
636 2632 693 2690 ego
708 2613 795 2672 vitam
809 2621 877 2670 voto
890 2620 920 2670 et
935 2611 1110 2687 cogitatione

114 2725 279 2784 praesumo,
301 2707 482 2781 ingressurus
509 2710 681 2783 avidissime,
703 2721 735 2770 ut
761 2711 887 2787 primum
913 2710 988 2768 ratio
1008 2710 1110 2767 aetatis

112 2807 239 2881 receptui
254 2824 357 2864 canere
370 2809 540 2883 permiserit.
579 2809 700 2868 Interim
713 2810 790 2868 mille
805 2809 950 2867 laboribus
965 2820 1109 2878 conteror,

113 2922 240 2980 quorum
260 2906 331 2965 mihi
352 2917 381 2966 et
402 2908 541 2967 solacium
558 2919 587 2968 et
605 2909 772 2984 exemplum
787 2915 833 2966 est
854 2906 932 2966 idem
955 2907 1108 2984 Spurinna.

72 3007 101 3056 45
113 3003 193 3062 Nam
214 3004 260 3062 ille
282 3023 407 3082 quoque,
430 3007 527 3082 quoad
548 3007 705 3065 honestum
726 3005 787 3077 fuit,
804 3005 877 3063 obiit
898 3005 1000 3076 officia,
1019 3007 1111 3082 gessit

111 3103 307 3180 magistratus,
334 3107 497 3181 provincias
524 3106 598 3164 rexit
624 3106 775 3182 multoque
806 3104 905 3162 labore
932 3103 990 3162 hoc
1017 3104 1109 3163 otium

111 3203 225 3262 meruit.
274 3204 366 3278 Igitur
391 3204 519 3263 eundem
547 3203 618 3262 mihi
646 3221 769 3274 cursum,
799 3202 925 3261 eundern
953 3203 1108 3260 terminum

111 3311 217 3374 statuo,
237 3303 324 3380 idque
344 3305 401 3362 iam
421 3323 499 3363 nunc
518 3303 595 3380 apud
615 3312 643 3361 te
663 3302 811 3377 subsigno,
826 3311 865 3372 ut,
880 3302 905 3360 si
924 3319 971 3358 rne
990 3301 1107 3376 longius

110 3401 196 3461 evehi
222 3402 334 3474 videris,
358 3403 390 3460 in
417 3404 461 3461 ius
489 3420 576 3461 voces
605 3401 642 3459 ad
669 3399 745 3460 hanc
773 3399 927 3476 epistulam
954 3417 1052 3457 meam
1079 3408 1109 3458 et

74 3525 101 3572 50
111 3502 260 3579 quiescere
281 3502 389 3574 iubeas,
412 3520 479 3560 cum
499 3501 618 3560 inertiae
640 3500 749 3558 crimen
770 3499 909 3574 effugero.
953 3497 1035 3555 Vale.

598 3720 617 3760 D
