2636 3980
208 217 367 266 LETTERS
391 218 435 266 OF
457 218 484 268 0.
501 216 647 264 PLINIUS
668 213 855 263 CAECILIUS
871 211 1067 260 ¹SECUNDUS.
1102 215 1138 259 11

143 374 279 435 lectorem
300 377 344 437 vel
365 376 482 452 lyristen
503 375 556 447 vel,
579 393 653 451 quae
674 393 740 434 mea
760 373 922 444 liberalitas,
944 389 1059 444 omnes.
1100 369 1140 426 At

143 484 174 532 tu
202 477 281 551 apud
309 476 409 534 nescio
437 493 524 551 quem
552 484 657 545 ostrea,
685 473 791 543 vulvas,
819 472 949 542 echinos,
979 469 1139 530 Gaditanas

142 571 275 633 maluisti.
331 573 423 632 Dabis
453 591 573 650 poenas,
603 591 664 630 non
692 571 758 629 dico
782 589 863 647 quas.
919 569 998 628 Dure
1026 568 1138 626 fecisti:

100 691 129 727 ιο
142 671 274 744 invidisti,
303 673 402 731 nescio
434 691 472 730 an
503 672 562 741 tibi,
592 681 667 728 certe
699 669 779 742 mihi,
793 653 860 728 'sed
891 679 989 728 tamen
1019 678 1047 726 et
1078 666 1138 725 tibi.

142 769 293 842 Quantum
318 789 373 829 nos
398 771 575 840 lusissemus,
600 769 771 840 risissemus
798 768 1022 826 studuissemusl
1053 774 1138 841 potes

141 870 303 945 apparatius
323 888 426 927 cenare
447 869 526 944 apud
546 867 661 939 multos,
681 881 825 943 nusquam
846 866 961 924 hilarius
981 863 1137 940 simplicius

140 968 289 1027 incautius.
332 968 368 1025 In
389 986 502 1027 summa
520 968 656 1044 experire,
672 977 701 1026 et
720 967 774 1025 nisi
793 977 897 1044 postea
916 976 944 1024 te
960 964 1022 1023 aliis
1034 963 1137 1041 potius

141 1067 329 1140 excusaveris
344 1067 415 1126 mihi
429 1085 543 1144 semper
557 1085 672 1126 excusa.
714 1065 795 1125 Vale.

464 1293 507 1347 11.
549 1286 679 1367 (Boon
704 1303 728 1345 1.
755 1283 820 1386 16.)

171 1426 243 1491 Pliny
254 1425 343 1476 wishes
356 1434 382 1476 to
394 1424 468 1476 malre
478 1427 517 1475 his
528 1426 605 1475 friend
617 1427 720 1476 Erucius
732 1443 813 1476 aware
825 1424 854 1476 of
861 1425 903 1475 the
914 1425 998 1475 varied
1009 1426 1108 1491 literary

510 1508 569 1575 gilts
579 1511 609 1559 os
616 1510 770 1560 Saturninus.

436 1647 461 1690 C·
482 1647 595 1694 PLINIUS
615 1647 722 1690 ERUCIO
744 1648 797 1689 SUO
819 1647 841 1689 S.

179 1760 325 1820 Amabam
334 1761 507 1838 Pompeium
517 1760 711 1832 Saturninum,
721 1761 798 1819 hunc
807 1761 872 1821 dico
884 1771 1025 1834 nostrum,
1036 1761 1134 1821 lauda-

137 1861 263 1938 bamque
274 1861 336 1919 eius
351 1861 508 1935 ingenium,
520 1859 606 1918 etiam
621 1869 778 1935 antequam
793 1860 897 1918 scirem
911 1878 999 1935 quam
1013 1861 1133 1933 varium,

138 1975 226 2038 (pram
247 1958 379 2030 flexibile,
398 1975 487 2035 quam
507 1958 657 2035 multiplex
677 1969 753 2016 esset
760 1978 767 2031 ;
794 1975 872 2016 nunc
886 1975 954 2016 vero
972 1967 1067 2017 toturn
1087 1978 1134 2018 me

137 2069 225 2130 tenet,
250 2058 345 2129 babet,
375 2055 511 2133 possidet.
553 2057 658 2114 Audivi
686 2075 788 2116 causas
816 2067 952 2134 agentem
980 2059 1080 2116 acriter
1105 2069 1134 2117 et

108 2178 123 2226 5
137 2158 268 2216 ardenter
281 2175 336 2214 nec
350 2157 446 2213 minus
460 2155 548 2231 polite
563 2165 591 2214 et
606 2165 714 2228 ornate,
730 2157 789 2215 sive
807 2157 944 2216 meditata
963 2158 1021 2216 sive
1039 2159 1144 2232 subita¹

136 2256 284 2335 proferret.
334 2254 450 2312 Adsunt
478 2263 561 2330 aptae
587 2254 760 2331 crebraeque
787 2257 956 2328 sententiae,
985 2259 1079 2334 gravis
1105 2269 1134 2316 et

136 2357 244 2415 decora
263 2354 449 2425 constructio,
467 2353 600 2411 sonantia
613 2355 700 2413 verba
719 2365 747 2413 et
766 2356 891 2432 antiqua.
934 2355 1043 2416 Omnia
1061 2353 1134 2416 haec

136 2457 209 2514 mire
230 2453 354 2531 placent,
374 2471 441 2511 cum
462 2452 572 2528 impetu
594 2454 722 2530 quodam
744 2465 772 2514 et
793 2455 911 2515 flumine
933 2455 1133 2532 pervehuntur,

136 2555 260 2632 placent,
282 2553 307 2611 si
331 2561 524 2610 retractentur.
567 2552 680 2612 Senties
702 2555 781 2632 quod
806 2573 872 2632 ego,
894 2573 962 2613 cum
987 2554 1134 2613 orationes

91 2674 123 2710 ιο
136 2654 197 2710 eius
229 2651 260 2710 in
292 2669 397 2709 manus
430 2651 593 2726 sumpseris,
627 2670 699 2727 quas
735 2653 816 2712 facile
848 2652 963 2712 cuilibet
994 2657 1133 2727 veterum,

136 2769 262 2829 quorum
282 2758 326 2809 est
347 2748 486 2820 aemulus,
507 2753 698 2826 comparabis,
740 2751 824 2810 Idem
845 2762 943 2810 tamen
964 2753 995 2810 in
1015 2753 1135 2814 historia

134 2850 229 2926 magis
260 2849 413 2909 satisfaciet
441 2848 485 2908 vel
515 2850 653 2909 brevitate
680 2850 726 2910 vel
757 2852 820 2909 luce
847 2851 892 2909 vel
923 2852 1061 2911 suavitate
1088 2855 1133 2912 vel

135 2949 291 3026 splendore
320 2951 406 3009 etiam
434 2958 463 3008 et
490 2950 662 3008 sublimitate
690 2950 832 3008 narrandi.
890 2948 968 3008 Nam
1004 2953 1033 3010 in
1062 2971 1133 3012 con·

134 3048 263 3108 tionibus
291 3047 368 3107 idern
397 3048 446 3124 qui
476 3047 507 3105 in
535 3049 714 3108 orationibus
742 3060 794 3122 est,
822 3052 950 3126 pressior
978 3062 1076 3114 tamen
1105 3065 1133 3112 et

89 3168 118 3218 15
133 3147 376 3223 circumscriptior
395 3156 423 3206 et
445 3147 604 3206 adductior.
647 3148 798 3208 Praeterea
818 3149 886 3209 facit
906 3170 1013 3224 versus
1032 3153 1132 3229 quales

134 3246 265 3306 Catullus
293 3258 341 3305 aut
367 3247 481 3319 Calvus,
510 3267 540 3306 re
564 3266 632 3307 vera
659 3250 759 3325 quales
785 3249 915 3309 Catullus
943 3262 992 3310 aut
1016 3251 1131 3314 Calvus.

133 3346 286 3419 Quantum
321 3347 374 3406 illis
408 3347 523 3424 leporis
560 3347 727 3422 dulcedinis
763 3352 969 3423 amaritudinis
1006 3353 1131 3412 amorisl

130 3445 230 3506 inserit
250 3465 329 3518 sane,
345 3449 397 3507 sed
417 3448 484 3506 data
503 3467 601 3525 opera,
616 3449 752 3508 mollibus
768 3449 936 3528 levibusque
951 3451 1131 3512 duriusculos

130 3546 285 3622 quosdam,
314 3557 342 3605 et
371 3547 427 3606 hoc
455 3550 537 3626 quasi
562 3548 692 3607 Catullus
716 3559 765 3608 aut
791 3550 905 3610 Calvus.
948 3551 1032 3628 Legit
1059 3553 1130 3610 mihi

84 3675 116 3710 ιο
130 3663 225 3724 nuper
235 3647 388 3725 epistulas;
411 3650 509 3708 uxoris
524 3667 588 3709 esse
603 3650 734 3711 dicebat:
756 3653 889 3711 Plautum
904 3651 948 3710 vel
961 3653 1131 3711 Terentium
