2636 3980
192 145 234 212 74
460 143 482 190 A
507 143 705 192 sncaorron
723 145 826 192 raon
848 144 917 195 run

188 304 343 379 mixtisque
370 303 534 378 pumicibus
562 301 682 378 oppleta
710 311 878 372 surrexerat,
904 311 943 372 ut,
970 302 993 360 si
1015 301 1131 377 longior
1155 303 1187 360 in

189 403 322 460 cubiculo
342 421 435 472 mora,
456 402 547 459 exitus
570 409 732 476 negaretur.
773 399 924 459 Excitatus
944 401 1075 476 procedit
1096 417 1187 476 seque

188 498 393 577 Pomponiano
408 501 569 576 ceterisque
584 500 633 574 qui
653 499 891 575 pervigilaverant
908 500 1011 558 reddit.
1054 499 1090 557 In
1105 517 1186 557 com-

188 617 276 657 mune
291 600 463 670 consultant,
478 599 551 657 intra
566 608 640 656 tecta
654 598 809 656 subsistant
823 617 862 656 an
876 599 906 656 in
920 608 1021 674 aperto
1037 609 1186 674 vagentur.

189 698 267 757 Nam
296 700 402 758 crebris
425 700 570 774 vastisque
594 698 765 756 tremoribus
788 707 864 757 tecta
889 699 1030 756 nutabant
1052 707 1080 755 et
1105 699 1228 773 quasi65

188 809 286 856 emota
308 799 424 856 sedibus
449 799 507 857 suis
536 815 613 854 nunc
638 796 704 868 huc,
726 815 804 854 nunc
828 797 895 856 illuc
916 797 994 855 abire
1016 805 1065 854 aut
1089 795 1186 856 referri

187 897 363 955 videbantur.
408 896 468 955 Sub
483 897 531 954 dio
545 913 644 953 rursus
664 914 842 972 quamquam
856 896 962 954 levium
976 913 1188 972 exesorumque

188 998 337 1072 pumicum
351 1015 436 1056 casus
451 987 649 1068 metuebatur;
672 997 751 1071 quod
772 1007 870 1054 tamen
888 996 1083 1072 periculorum
1097 994 1186 1054 colla-

188 1096 229 1153 tio
245 1096 338 1172 elegit.
382 1095 421 1154 Et
435 1096 513 1171 apud
532 1095 612 1152 illum
627 1095 745 1170 quidem
764 1097 837 1154 ratio
855 1097 1006 1165 rationem,
1023 1095 1101 1171 apud
1116 1095 1188 1153 alios

188 1195 322 1253 timorem
350 1196 436 1253 timor
464 1195 538 1252 vicit.
585 1193 742 1253 Cervicalia
770 1195 911 1270 capitibus
938 1194 1065 1269 inposita
1092 1193 1187 1251 linteis
1200 1209 1230 1262 70

189 1293 412 1368 constringunt:
455 1293 485 1350 id
519 1294 732 1352 munimentum
767 1294 903 1352 adversus
938 1291 1094 1350 incidentia
1126 1291 1188 1350 fuit.

189 1390 252 1448 Iam
275 1391 337 1450 dies
359 1392 433 1463 alibi,
456 1393 512 1450 illic
534 1410 593 1450 nox
617 1392 751 1450 omnibus
773 1393 907 1450 noctibus
930 1391 1038 1466 nigrior
1057 1391 1188 1449 densior-

189 1506 254 1564 que,
271 1509 359 1565 quam
381 1500 478 1548 tamen
497 1491 574 1548 faces
596 1490 703 1549 multae
724 1492 858 1566 variaque
880 1491 990 1548 lumina
1012 1488 1188 1550 solabantur.

189 1586 299 1646 Placuit
320 1589 418 1664 egredi
440 1590 470 1646 in
489 1589 555 1647 litus
577 1598 605 1646 et
627 1608 663 1646 ex
684 1589 818 1664 proximo
841 1589 981 1665 aspicere,
1002 1587 1107 1662 ecquid
1129 1587 1189 1646 iam
1303 1583 1304 1606 ¹

189 1705 268 1744 mare
288 1689 456 1760 admitteret,
472 1688 552 1764 quod
574 1688 667 1747 adhuc
682 1697 795 1746 vastum
817 1699 846 1747 et
866 1687 1017 1746 adversum
1036 1705 1190 1761 permane·
1202 1701 1232 1754 75

188 1787 246 1843 bat.
299 1787 344 1844 Ibi
373 1805 459 1863 super
486 1789 630 1846 abiectum
658 1788 778 1846 linteum
812 1788 955 1846 recubans
984 1785 1074 1844 semel
1102 1795 1189 1861 atque

188 1886 293 1943 iterum
313 1885 445 1963 frigidam
463 1887 599 1963 poposcit
615 1887 776 1963 hausitque.
818 1885 933 1946 Deinde
949 1885 1084 1943 flammae
1105 1884 1189 1942 flam-
1303 1875 1304 1884 ¹

189 2003 360 2060 marumque
374 1987 562 2061 praenuntius
576 1985 650 2043 odor
667 1986 791 2063 sulpuris
809 1985 880 2044 alios
899 1985 929 2043 in
948 1985 1049 2060 lugam
1063 1992 1190 2053 vertunt,

189 2084 316 2140 excitant
330 2085 418 2141 illurn.
461 2083 592 2142 innitens
607 2085 724 2144 servulis
745 2086 860 2144 duobus
874 2085 1034 2144 adsurrexit
1048 2092 1077 2142 et
1092 2083 1189 2142 statim

190 2182 324 2253 concidit,
344 2191 376 2240 ut
397 2200 453 2257 ego
476 2181 591 2256 colligo,
612 2184 751 2241 crassiore
773 2185 895 2260 caligine
917 2184 1017 2260 spiritu
1039 2183 1190 2240 obstructo
1200 2195 1233 2243 80

190 2280 347 2356 clausoque
362 2279 522 2350 stomacho,
539 2281 596 2354 qui·
608 2279 646 2337 illi
667 2290 769 2340 natura
790 2282 930 2341 invalidus
950 2292 979 2340 et
1000 2290 1141 2356 angustus
1161 2291 1191 2340 et

189 2379 353 2457 frequenter
367 2388 501 2437 aestuans
516 2388 584 2437 erat.
626 2376 686 2437 Ubi
705 2380 766 2438 dies
787 2381 914 2441 redditus
934 2381 970 2461 (is
992 2382 1029 2438 ab
1048 2397 1085 2438 eo
1100 2398 1191 2456 quem

190 2479 346 2537 novissime
368 2477 476 2534 viderat
498 2484 560 2536 erat
586 2475 705 2557 tertius),
728 2497 834 2556 corpus
851 2475 1006 2539 inventum
1034 2480 1190 2555 integrum,

189 2578 331 2635 inlaesum
356 2586 556 2652 opertumque,
580 2586 612 2634 ut
636 2575 727 2636 luerat
748 2579 885 2638 indutus:
917 2579 1031 2638 habitus
1057 2578 1191 2654 corporis

189 2676 349 2750 quiescenti
368 2693 456 2751 quarn
478 2675 614 2734 defuncto
636 2676 761 2735 similior.
806 2677 926 2737 Interim
948 2677 1055 2736 Miseni
1079 2694 1138 2751 ego
1161 2687 1191 2738 et
1201 2687 1231 2746 85

189 2775 375 2833 mater—sed
394 2775 464 2832 nihil
483 2775 521 2832 ad
540 2775 697 2846 historiam,
712 2795 768 2835 nec
788 2788 820 2836 tu
842 2777 919 2836 aliud
939 2795 1029 2852 quarn
1052 2776 1088 2834 de
1110 2776 1191 2836 exitu

190 2874 251 2931 eius
276 2875 349 2932 scire
371 2874 494 2934 voluisti.
544 2873 646 2932 Finem
670 2893 741 2950 ergo
766 2875 877 2934 faciam.
929 2875 1030 2933 Unum
1055 2873 1190 2944 adiciam,

189 2974 289 3032 omnia
307 2993 355 3032 me
375 2976 478 3049 quibus
498 2973 684 3035 interfueram
699 2992 831 3052 quaeque
853 2975 957 3045 statim,
973 2992 1040 3032 cum
1060 2973 1190 3032 maxime

189 3091 259 3132 vera
278 3083 484 3144 memorantur,
500 3073 648 3130 audieram
669 3085 862 3149 persecutum.
905 3073 953 3131 Tu
972 3072 1122 3149 potissima
1136 3089 1189 3128 ex-

190 3189 299 3246 cerpes.
349 3170 437 3229 Aliud
465 3181 508 3230 est
533 3171 611 3230 enim
640 3173 794 3249 epistulam
821 3172 898 3230 aliud
925 3171 1081 3241 historiam,
1110 3169 1235 3242 aliud9o

190 3271 294 3341 amico,
317 3269 394 3328 aliud
415 3270 550 3332 omnibus
572 3272 708 3332 scribere.
749 3271 832 3332 Vale.
