2636 3980
179 191 217 256 18
446 203 469 252 A
493 202 688 253 surucrrou
707 201 819 252 raom·
833 200 900 250 nun

176 364 355 424 transmittat.
406 361 508 440 Nuper
532 382 579 422 me
607 380 775 440 paucosque
799 377 924 433 mecum,
948 379 1022 439 quos
1045 357 1170 418 maxime
1184 373 1214 424 30

178 465 277 540 diligit,
303 463 452 522 advocavit
479 462 648 538 rogavitque
672 471 705 520 ut
731 461 862 520 medicos
891 461 1107 520 consuleremus
1135 455 1171 528 dc

169 581 292 623 summa
311 561 488 634 valetudinis,
511 570 550 632 ut,
572 561 595 618 si
617 569 693 620 esset
714 549 925 636 insuperabilis,
951 567 1055 636 sponte
1082 554 1172 613 exiret

178 662 279 733 evita,
305 662 328 720 si
351 670 462 718 tantum
484 658 606 718 difficilis
630 669 659 718 et
681 661 779 736 longa,
803 659 946 718 resisteret
968 664 1171 730 maneretque:

179 760 308 820 dandum
343 759 422 817 enim
456 759 589 835 precibus
624 757 731 830 uxoris,
766 756 897 816 dandum
931 756 1005 814 filiae
1040 753 1172 823 lacrimis,

179 854 308 913 dandum
336 853 423 912 etiam
457 852 542 912 nobis
576 853 676 911 amicis
711 871 748 910 ne
784 870 852 928 spes
880 860 1001 922 nostras,
1030 849 1054 908 si
1082 847 1173 906 modo
1187 867 1216 917 35

178 971 239 1012 non
266 961 362 1012 essent
388 953 496 1024 inaneS,
525 951 685 1010 voluntaria
719 960 813 1009 morte
848 949 998 1010 desereret.
1054 947 1090 1006 Id
1117 964 1177 1022 ego

179 1051 303 1111 arduum
322 1051 353 1108 in
373 1049 473 1127 primis
493 1058 522 1108 et
542 1050 696 1126 praecipua
717 1049 801 1108 laude
823 1047 944 1124 dignum
965 1055 1045 1123 puto.
1096 1045 1176 1104 Nam

180 1151 291 1228 impetu
313 1150 442 1226 quodam
466 1159 494 1207 et
516 1149 653 1208 instinctu
681 1165 850 1224 procurrere
878 1146 915 1206 ad
943 1154 1067 1204 mortem
1094 1162 1175 1204 com-

180 1267 269 1308 mune
290 1267 357 1307 cum
376 1248 481 1320 multis,
497 1247 652 1306 deliberare
667 1265 734 1306 vero
754 1255 783 1304 et
802 1263 903 1304 causas
920 1245 982 1302 eius
1001 1241 1173 1318 expendere,

180 1357 269 1423 utque
290 1347 412 1406 suaserit
430 1347 511 1418 ratio,
526 1347 599 1404 vitae
620 1345 779 1421 mortisque
801 1341 955 1402 consilium
968 1342 1012 1400 vel
1031 1341 1177 1416 suscipere
1190 1359 1221 1408 40

181 1445 226 1503 vel
247 1463 355 1522 ponere
371 1445 496 1520 ingentis
516 1453 560 1503 est
580 1445 676 1504 animi.
727 1442 765 1501 Et
785 1442 892 1500 medici
912 1440 1030 1518 quidem
1049 1440 1178 1500 secunda

183 1543 268 1605 nobis
292 1543 479 1620 pollicentur:
508 1551 638 1618 superest
663 1552 694 1602 ut
714 1541 866 1618 promissis
889 1540 961 1598 deus
985 1539 1093 1598 adnuat
1114 1547 1179 1596 tan·

182 1642 308 1719 demque
329 1661 377 1700 me
397 1642 452 1700 hac
474 1640 664 1701 sollicitudine
689 1641 817 1700 exsolvat
828 1659 836 1712 ;
865 1657 924 1715 qua
947 1638 1082 1698 liberatus
1103 1637 1178 1698 Lau·

182 1741 328 1802 rentinum
344 1755 451 1812 meum,
465 1741 523 1800 hoc
542 1749 586 1798 est
607 1739 718 1798 libellos
740 1749 768 1798 et
789 1738 942 1815 pugillares
960 1734 1179 1812 studiosumque

184 1839 284 1910 otium,
312 1849 449 1916 repetam.
503 1838 589 1897 Nunc
617 1838 696 1896 enim
728 1837 797 1895 nihil
825 1837 929 1912 legere,
959 1835 1029 1894 nihil
1057 1835 1180 1894 scribere
1193 1849 1223 1900 45
1306 1849 1307 1854 ’

184 1949 233 1999 aut
257 1939 399 1998 adsidenti
420 1946 503 1996 vacat
526 1948 574 1996 aut
598 1937 686 1996 anxio
711 1937 789 1996 libet.
833 1935 935 1994 Habes
961 1934 1031 2010 quid
1052 1935 1180 2004 timeam,

185 2037 256 2115 quid
283 2047 390 2116 optem,
419 2036 490 2114 quid
513 2038 599 2096 etiam
624 2037 655 2095 in
682 2049 832 2114 posterum
857 2035 1016 2094 destinem:
1052 2045 1084 2093 tu
1111 2033 1182 2111 quid

184 2137 285 2212 egeris,
313 2135 384 2212 quid
415 2153 494 2211 agas,
523 2136 594 2213 quid
624 2137 694 2194 velis
729 2154 825 2212 agere,
854 2135 978 2192 invicem
1007 2133 1100 2204 nobis,
1130 2132 1182 2191 sed

185 2233 351 2292 laetioribus
365 2234 493 2310 epistulis
508 2235 607 2292 scribe.
649 2233 712 2292 Erit
730 2232 896 2292 confusioni
911 2249 993 2291 meae
1011 2249 1072 2292 non
1090 2231 1182 2292 medi-

187 2351 254 2392 ocre
270 2333 417 2404 solacium,
433 2333 457 2391 si
471 2343 501 2390 tu
514 2332 584 2390 nihil
599 2333 734 2408 quereris.
775 2331 858 2392 Vale.
1198 2340 1231 2392 50

508 2505 557 2559 15.
599 2496 727 2577 (BOOK
752 2518 776 2558 1.
800 2498 861 2578 23.)

220 2615 292 2677 Pliny
303 2614 359 2664 tells
370 2614 447 2664 Falco
461 2614 516 2663 that
530 2614 562 2664 he
576 2614 619 2663 did
632 2618 676 2664 not
692 2614 764 2664 think
775 2615 794 2665 it
806 2613 913 2664 suitable
924 2613 949 2664 in
964 2614 1003 2664 his
1019 2630 1074 2666 own
1087 2629 1141 2666 case
1156 2620 1184 2662 to

188 2696 262 2762 plead
282 2703 307 2745 at
325 2697 366 2744 the
385 2698 437 2756 bar,
458 2696 529 2746 when
547 2697 578 2746 he
595 2713 646 2747 was
666 2697 777 2754 tribune;
801 2698 846 2746 but
866 2699 942 2748 Falco
963 2713 1021 2761 may
1040 2696 1186 2761 reasonably

190 2779 310 2830 entertain
331 2795 347 2828 a
364 2779 473 2829 different
489 2779 551 2828 view
567 2779 597 2828 os
616 2781 658 2830 the
680 2781 834 2845 importance
856 2781 904 2830 and
927 2779 1077 2844 obligations
1095 2779 1123 2829 of
1143 2780 1186 2828 the

191 2862 269 2911 office.

343 2943 344 2948 ’
405 2948 430 2988 c.
451 2948 563 2988 sumtus
582 2949 706 2990 rourum
727 2946 852 2989 xnucour
871 2947 925 2989 suo
946 2949 968 2989 s.

234 3043 378 3116 Consulis,
406 3064 445 3103 an
472 3046 636 3106 existimem
663 3056 691 3104 te
723 3046 753 3103 in
787 3013 929 3104 lribunatu
960 3061 1063 3104 causas
1098 3063 1187 3121 agere

193 3147 305 3206 debere.
362 3145 519 3204 Plurimum
551 3144 644 3218 refert,
680 3145 750 3223 quid
784 3163 848 3204 esse
881 3144 1058 3203 tribunatum
1093 3155 1187 3223 putes,

192 3247 310 3304 inanem
337 3245 471 3302 umbram
503 3254 532 3302 et
562 3246 623 3303 sine
656 3245 767 3303 honore
795 3262 913 3316 nomen,
942 3261 980 3302 an
1013 3253 1189 3322 potestatem

194 3353 409 3404 sacrosanctam
429 3353 458 3401 et
481 3362 569 3419 quarn
594 3343 623 3401 in
646 3345 777 3403 ordinem
803 3344 868 3419 cogi
893 3352 924 3402 ut
945 3361 963 3402 u
987 3343 1067 3402 nullo
1088 3343 1189 3401 itane

196 3459 214 3499 a
234 3458 266 3497 se
286 3439 404 3517 quidem
426 3438 533 3496 deceat.
577 3436 645 3515 Ipse
666 3457 734 3496 cum
759 3439 888 3496 tribunus
909 3453 1014 3509 essem,
1036 3437 1221 3517 erraverim5

196 3533 324 3606 tortasse,
339 3533 389 3610 qui
405 3551 452 3592 me
472 3533 578 3610 aliquid
593 3533 698 3610 putavi,
712 3534 765 3592 scd
780 3543 928 3610 tamquam
943 3551 1046 3602 essem,
1062 3531 1190 3592 abstinui

196 3633 291 3694 causis
314 3633 450 3710 agendis:
475 3632 600 3710 primum
625 3633 707 3710 quod
731 3632 859 3692 deforme
882 3632 1044 3702 arbitrabar,
1069 3630 1115 3689 cui
1136 3630 1191 3690 ad-
